0                 01CBA                                 DIRECT DEBIT010813                                        
1083-832128244477 130000005000JADE SPINELLI                   NETL666                           Abaz            00000000
1083-832128244477 130000008000JADE SPINELLI                   NETL666                           Abaz            00000000
1083-832128244477 130000010000JADE SPINELLI                   NETL666                           Abaz            00000000
1082-799138215864 130000003000WENDY PATTISON                  NETL993                           Abaz            00000000
1082-799138215864 130000002625WENDY PATTISON                  NETL993                           Abaz            00000000
1082-799138215864 130000008000WENDY PATTISON                  NETL993                           Abaz            00000000
1082-799138215864 130000002000WENDY PATTISON                  NETL993                           Abaz            00000000
1          500000038625Abaz                                                       Abaz            00000000
7999-999            000000000000000386250000038625                        000008                                        
