0                 01CBA                                 DIRECT DEBIT010713                                        
1062-159 10217135 130000005000RIMA AZIZ                       NETL1065                          Abaz            00000000
1303-092  4676955 130000003000MICHAEL CUTRI                   NETL1382                          Abaz            00000000
1          500000008000Abaz                                                       Abaz            00000000
7999-999            000000000000000080000000008000                        000003                                        
