0                 01CBA                                 DIRECT DEBIT010513                                        
1013-457206790888 130000008000BRENDAN VAUGHAN                 NETL483                           Abaz            00000000
1013-457206790888 130000012220BRENDAN VAUGHAN                 NETL483                           Abaz            00000000
1082-338141442208 130000015250LILYAN MUNA                     NETL1120                          Abaz            00000000
1032-159   354907 130000005000ELSAD LESHETZ                   NETL1313                          Abaz            00000000
1032-159   354907 130000002450ELSAD LESHETZ                   NETL1313                          Abaz            00000000
1012-209262728245 130000002000JAMIE WIEGOLD                   NETL1385                          Abaz            00000000
1012-209262728245 130000008000JAMIE WIEGOLD                   NETL1385                          Abaz            00000000
1012-209262728245 130000004000JAMIE WIEGOLD                   NETL1385                          Abaz            00000000
1012-209262728245 130000002200JAMIE WIEGOLD                   NETL1385                          Abaz            00000000
1112-879465430692 130000006100TRENT PEARCE                    NETL1759                          Abaz            00000000
1          500000065220Abaz                                                       Abaz            00000000
7999-999            000000000000000652200000065220                        000011                                        
