0                 01CBA                                 DIRECT DEBIT030713                                        
1732-833   720030 130000005000LUKE SCHUYLER                   NETL89                            Abaz            00000000
1802-129    46440 130000005000CORIN EVERLYN LANGLO            NETL629                           Abaz            00000000
1732-250   616100 130000013950MICHAEL P MUNRO                 NETL853                           Abaz            00000000
1062-560 10094732 130000010225NEVANA SINES                    NETL1198                          Abaz            00000000
1063-236 10246880 130000002220JULIE-ANN BUSUTTIL              NETL1219                          Abaz            00000000
1062-196 11135912 130000030500MAKERITA TOALE                  NETL1494                          Abaz            00000000
1012-492197541379 130000010000MICHELLE  ELIZABETH PUFFETT     NETL1606                          Abaz            00000000
1732-036   671598 130000012200KIM KENNY                       NETL2057                          Abaz            00000000
1          500000089095Abaz                                                       Abaz            00000000
7999-999            000000000000000890950000089095                        000009                                        
