0                 01CBA                                 DIRECT DEBIT040713                                        
1302-961   154021 130000005000BELINDA GAY LINDSTROM           NETL527                           Abaz            00000000
1302-961   154021 130000006500BELINDA GAY LINDSTROM           NETL527                           Abaz            00000000
1302-961   154021 130000005000BELINDA GAY LINDSTROM           NETL527                           Abaz            00000000
1083-832128244477 130000008000JADE SPINELLI                   NETL666                           Abaz            00000000
1083-832128244477 130000006000JADE SPINELLI                   NETL666                           Abaz            00000000
1083-832128244477 130000010000JADE SPINELLI                   NETL666                           Abaz            00000000
1012-559281712652 130000005000DANE DREYER                     NETL846                           Abaz            00000000
1012-559281712652 130000010000DANE DREYER                     NETL846                           Abaz            00000000
1016-363282255887 130000018300CHRISTINE SHELLEY               NETL1790                          Abaz            00000000
1016-363282255887 130000008000CHRISTINE SHELLEY               NETL1790                          Abaz            00000000
1062-443 10794927 130000024435VERONICA CASAS                  NETL1942                          Abaz            00000000
1          500000106235Abaz                                                       Abaz            00000000
7999-999            000000000000001062350000106235                        000012                                        
