0                 01CBA                                 DIRECT DEBIT040613                                        
1063-541 10754784 130000003050LEANNE EDWARDS                  NETL1832                          Abaz            00000000
1112-879464762530 130000009150MICHAEL CAUDRE                  NETL1931                          Abaz            00000000
1          500000012200Abaz                                                       Abaz            00000000
7999-999            000000000000000122000000012200                        000003                                        
