0                 01CBA                                 DIRECT DEBIT050613                                        
1802-129    46440 130000010000CORIN EVERLYN LANGLO            NETL629                           Abaz            00000000
1802-129    46440 130000010000CORIN EVERLYN LANGLO            NETL629                           Abaz            00000000
1802-129    46440 130000005000CORIN EVERLYN LANGLO            NETL629                           Abaz            00000000
1802-129    46440 130000005000CORIN EVERLYN LANGLO            NETL629                           Abaz            00000000
1633-000126318880 130000024400JAYDEN BETTERIDGE               NETL760                           Abaz            00000000
1012-484181669263 130000005000LUKE EGAN                       NETL1400                          Abaz            00000000
1012-484181669263 130000009250LUKE EGAN                       NETL1400                          Abaz            00000000
1012-484181669263 130000005000LUKE EGAN                       NETL1400                          Abaz            00000000
1012-484181669263 130000005000LUKE EGAN                       NETL1400                          Abaz            00000000
1062-196 11135912 130000020450MAKERITA TOALE                  NETL1494                          Abaz            00000000
1112-879431097131 130000015250SHANE M PROUD                   NETL1957                          Abaz            00000000
1          500000114350Abaz                                                       Abaz            00000000
7999-999            000000000000001143500000114350                        000012                                        
