0                 01CBA                                 DIRECT DEBIT060613                                        
1083-832128244477 130000005000JADE SPINELLI                   NETL666                           Abaz            00000000
1083-832128244477 130000008000JADE SPINELLI                   NETL666                           Abaz            00000000
1083-832128244477 130000010000JADE SPINELLI                   NETL666                           Abaz            00000000
1082-808893585834 130000005000GEOFFREY DOOLEY                 NETL711                           Abaz            00000000
1082-808893585834 130000005000GEOFFREY DOOLEY                 NETL711                           Abaz            00000000
1082-808893585834 130000011300GEOFFREY DOOLEY                 NETL711                           Abaz            00000000
1082-808893585834 130000007000GEOFFREY DOOLEY                 NETL711                           Abaz            00000000
1082-808893585834 130000008000GEOFFREY DOOLEY                 NETL711                           Abaz            00000000
1016-363282255887 130000008000CHRISTINE SHELLEY               NETL1790                          Abaz            00000000
1016-363282255887 130000018300CHRISTINE SHELLEY               NETL1790                          Abaz            00000000
1          500000085600Abaz                                                       Abaz            00000000
7999-999            000000000000000856000000085600                        000011                                        
