0                 01CBA                                 DIRECT DEBIT070813                                        
1732-833   720030 130000005000LUKE SCHUYLER                   NETL89                            Abaz            00000000
1012-429266257591 130000006200PETER JOHNSON                   NETL2270                          Abaz            00000000
1732-075   800049 130000006200MINH NGUYEN                     NETL2271                          Abaz            00000000
1          500000017400Abaz                                                       Abaz            00000000
7999-999            000000000000000174000000017400                        000004                                        
