0                 01CBA                                 DIRECT DEBIT070613                                        
1704-189    41119 130000007500DEAN HAWKINS                    NETL176                           Abaz            00000000
1704-189    41119 130000002500DEAN HAWKINS                    NETL176                           Abaz            00000000
1704-189    41119 130000010000DEAN HAWKINS                    NETL176                           Abaz            00000000
1704-189    41119 130000005000DEAN HAWKINS                    NETL176                           Abaz            00000000
1704-189    41119 130000005000DEAN HAWKINS                    NETL176                           Abaz            00000000
1083-832165814379 130000007500CYNTHIA KOLEFF                  NETL529                           Abaz            00000000
1083-832165814379 130000002500CYNTHIA KOLEFF                  NETL529                           Abaz            00000000
1083-832165814379 130000005000CYNTHIA KOLEFF                  NETL529                           Abaz            00000000
1083-832165814379 130000005000CYNTHIA KOLEFF                  NETL529                           Abaz            00000000
1          500000050000Abaz                                                       Abaz            00000000
7999-999            000000000000000500000000050000                        000010                                        
