0                 01CBA                                 DIRECT DEBIT080513                                        
1082-338141442208 130000015250LILYAN MUNA                     NETL1120                          Abaz            00000000
1062-196 11135912 130000020450MAKERITA TOALE                  NETL1494                          Abaz            00000000
1062-692 15941934 130000012200SAMANTHA THOMPSON               NETL1592                          Abaz            00000000
1062-692 15941934 130000004000SAMANTHA THOMPSON               NETL1592                          Abaz            00000000
1          500000051900Abaz                                                       Abaz            00000000
7999-999            000000000000000519000000051900                        000005                                        
