0                 01CBA                                 DIRECT DEBIT100713                                        
1732-833   720030 130000002000LUKE SCHUYLER                   NETL89                            Abaz            00000000
1732-250   616100 130000013950MICHAEL P MUNRO                 NETL853                           Abaz            00000000
1062-560 10094732 130000010225NEVANA SINES                    NETL1198                          Abaz            00000000
1063-163 10160473 130000004000SELINA LYONS                    NETL1944                          Abaz            00000000
1063-163 10160473 130000006100SELINA LYONS                    NETL1944                          Abaz            00000000
1          500000036275Abaz                                                       Abaz            00000000
7999-999            000000000000000362750000036275                        000006                                        
