0                 01CBA                                 DIRECT DEBIT110713                                        
1083-310545776271 130000006575KIRSTY ROWAN                    NETL31                            Abaz            00000000
1302-961   154021 130000010000BELINDA GAY LINDSTROM           NETL527                           Abaz            00000000
1302-961   154021 130000005000BELINDA GAY LINDSTROM           NETL527                           Abaz            00000000
1302-961   154021 130000005000BELINDA GAY LINDSTROM           NETL527                           Abaz            00000000
1112-879457941610 130000015000RINDA KHARDILA                  NETL837                           Abaz            00000000
1112-879457941610 130000005000RINDA KHARDILA                  NETL837                           Abaz            00000000
1          500000046575Abaz                                                       Abaz            00000000
7999-999            000000000000000465750000046575                        000007                                        
