0                 01CBA                                 DIRECT DEBIT110613                                        
1013-720255943078 130000011775SAMUEL DAVIS & DEBRA HANCOCK    NETL1553                          Abaz            00000000
1063-541 10754784 130000003050LEANNE EDWARDS                  NETL1832                          Abaz            00000000
1063-541 10754784 130000004000LEANNE EDWARDS                  NETL1832                          Abaz            00000000
1112-879464762530 130000009150MICHAEL CAUDRE                  NETL1931                          Abaz            00000000
1          500000027975Abaz                                                       Abaz            00000000
7999-999            000000000000000279750000027975                        000005                                        
