0                 01CBA                                 DIRECT DEBIT120813                                        
1062-692 15441016 130000010000JESSICA PERKINS                 NETL465                           Abaz            00000000
1303-092  4676955 130000003000MICHAEL CUTRI                   NETL1382                          Abaz            00000000
1          500000013000Abaz                                                       Abaz            00000000
7999-999            000000000000000130000000013000                        000003                                        
