0                 01CBA                                 DIRECT DEBIT120613                                        
1732-833   720030 130000005000LUKE SCHUYLER                   NETL89                            Abaz            00000000
1013-373186174665 130000015000ZAPHIRA TEAZIS                  NETL619                           Abaz            00000000
1062-714 10057901 130000004000TASSA PUNSEE                    NETL1339                          Abaz            00000000
1012-484181669263 130000009250LUKE EGAN                       NETL1400                          Abaz            00000000
1012-484181669263 130000005000LUKE EGAN                       NETL1400                          Abaz            00000000
1012-484181669263 130000005000LUKE EGAN                       NETL1400                          Abaz            00000000
1012-484181669263 130000005000LUKE EGAN                       NETL1400                          Abaz            00000000
1063-163 10160473 130000006100SELINA LYONS                    NETL1944                          Abaz            00000000
1112-879431097131 130000015250SHANE M PROUD                   NETL1957                          Abaz            00000000
1          500000069600Abaz                                                       Abaz            00000000
7999-999            000000000000000696000000069600                        000010                                        
