0                 01CBA                                 DIRECT DEBIT120713                                        
1923-100 30636675 130000010000MEHREENA NAEEM                  NETL1702                          Abaz            00000000
1063-147 10627774 130000008000CLAUDIA RIZZA                   NETL1968                          Abaz            00000000
1063-147 10627774 130000048800CLAUDIA RIZZA                   NETL1968                          Abaz            00000000
1          500000066800Abaz                                                       Abaz            00000000
7999-999            000000000000000668000000066800                        000004                                        
