0                 01CBA                                 DIRECT DEBIT130114                                        
1303-092  4676955 130000004000MICHAEL CUTRI                   BLAC1382                          Abaz            00000000
1          500000004000Abaz                                                       Abaz            00000000
7999-999            000000000000000040000000004000                        000002                                        
