0                 01CBA                                 DIRECT DEBIT130613                                        
1704-189    41119 130000007500DEAN HAWKINS                    NETL176                           Abaz            00000000
1704-189    41119 130000002500DEAN HAWKINS                    NETL176                           Abaz            00000000
1704-189    41119 130000010000DEAN HAWKINS                    NETL176                           Abaz            00000000
1704-189    41119 130000005000DEAN HAWKINS                    NETL176                           Abaz            00000000
1704-189    41119 130000005600DEAN HAWKINS                    NETL176                           Abaz            00000000
1302-961   154021 130000005000BELINDA GAY LINDSTROM           NETL527                           Abaz            00000000
1302-961   154021 130000005000BELINDA GAY LINDSTROM           NETL527                           Abaz            00000000
1302-961   154021 130000006500BELINDA GAY LINDSTROM           NETL527                           Abaz            00000000
1012-559281712652 130000004860DANE DREYER                     NETL846                           Abaz            00000000
1012-559281712652 130000010000DANE DREYER                     NETL846                           Abaz            00000000
1012-559281712652 130000015000DANE DREYER                     NETL846                           Abaz            00000000
1012-559281712652 130000005000DANE DREYER                     NETL846                           Abaz            00000000
1          500000081960Abaz                                                       Abaz            00000000
7999-999            000000000000000819600000081960                        000013                                        
