0                 01CBA                                 DIRECT DEBIT140613                                        
1083-832165814379 130000005000CYNTHIA KOLEFF                  NETL529                           Abaz            00000000
1083-832165814379 130000005000CYNTHIA KOLEFF                  NETL529                           Abaz            00000000
1083-832165814379 130000002425CYNTHIA KOLEFF                  NETL529                           Abaz            00000000
1083-646585541119 130000002000JASON SANDHAM                   NETL809                           Abaz            00000000
1083-646585541119 130000003150JASON SANDHAM                   NETL809                           Abaz            00000000
1083-646585541119 130000004000JASON SANDHAM                   NETL809                           Abaz            00000000
1          500000021575Abaz                                                       Abaz            00000000
7999-999            000000000000000215750000021575                        000007                                        
