0                 01CBA                                 DIRECT DEBIT150713                                        
1650-000504636918 130000020000SITINA UATA                     NETL937                           Abaz            00000000
1650-000504636918 130000008870SITINA UATA                     NETL937                           Abaz            00000000
1650-000504636918 130000020000SITINA UATA                     NETL937                           Abaz            00000000
1303-092  4676955 130000003000MICHAEL CUTRI                   NETL1382                          Abaz            00000000
1          500000051870Abaz                                                       Abaz            00000000
7999-999            000000000000000518700000051870                        000005                                        
