0                 01CBA                                 DIRECT DEBIT150513                                        
1802-129    46440 130000006000CORIN EVERLYN LANGLO            NETL629                           Abaz            00000000
1802-129    46440 130000004000CORIN EVERLYN LANGLO            NETL629                           Abaz            00000000
1802-129    46440 130000010000CORIN EVERLYN LANGLO            NETL629                           Abaz            00000000
1802-129    46440 130000005000CORIN EVERLYN LANGLO            NETL629                           Abaz            00000000
1802-129    46440 130000010000CORIN EVERLYN LANGLO            NETL629                           Abaz            00000000
1802-129    46440 130000015000CORIN EVERLYN LANGLO            NETL629                           Abaz            00000000
1012-209262728245 130000016200JAMIE WIEGOLD                   NETL1385                          Abaz            00000000
1          500000066200Abaz                                                       Abaz            00000000
7999-999            000000000000000662000000066200                        000008                                        
