0                 01CBA                                 DIRECT DEBIT160513                                        
1062-410 10160136 130000005000TARA MCPHERSON                  NETL270                           Abaz            00000000
1          500000005000Abaz                                                       Abaz            00000000
7999-999            000000000000000050000000005000                        000002                                        
