0                 01CBA                                 DIRECT DEBIT170613                                        
1303-092  4671840 130000010000LEE HUNTER PEOPLES              NETL644                           Abaz            00000000
1303-092  4676955 130000003000MICHAEL CUTRI                   NETL1382                          Abaz            00000000
1          500000013000Abaz                                                       Abaz            00000000
7999-999            000000000000000130000000013000                        000003                                        
