0                 01CBA                                 DIRECT DEBIT180613                                        
1083-832165814379 130000002500CYNTHIA KOLEFF                  NETL529                           Abaz            00000000
1083-832165814379 130000005000CYNTHIA KOLEFF                  NETL529                           Abaz            00000000
1083-832165814379 130000005000CYNTHIA KOLEFF                  NETL529                           Abaz            00000000
1083-832165814379 130000007500CYNTHIA KOLEFF                  NETL529                           Abaz            00000000
1112-879464762530 130000009150MICHAEL CAUDRE                  NETL1931                          Abaz            00000000
1          500000029150Abaz                                                       Abaz            00000000
7999-999            000000000000000291500000029150                        000006                                        
