0                 01CBA                                 DIRECT DEBIT180713                                        
1083-832128244477 130000005000JADE SPINELLI                   NETL666                           Abaz            00000000
1083-832128244477 130000002400JADE SPINELLI                   NETL666                           Abaz            00000000
1083-832128244477 130000006000JADE SPINELLI                   NETL666                           Abaz            00000000
1062-443 10794927 130000024435VERONICA CASAS                  NETL1942                          Abaz            00000000
1          500000037835Abaz                                                       Abaz            00000000
7999-999            000000000000000378350000037835                        000005                                        
