0                 01CBA                                 DIRECT DEBIT190613                                        
1732-833   720030 130000005000LUKE SCHUYLER                   NETL89                            Abaz            00000000
1802-129    46440 130000005000CORIN EVERLYN LANGLO            NETL629                           Abaz            00000000
1012-492197541379 130000010000MICHELLE  ELIZABETH PUFFETT     NETL1606                          Abaz            00000000
1016-363282255887 130000008300CHRISTINE SHELLEY               NETL1790                          Abaz            00000000
1016-363282255887 130000005000CHRISTINE SHELLEY               NETL1790                          Abaz            00000000
1016-363282255887 130000005000CHRISTINE SHELLEY               NETL1790                          Abaz            00000000
1016-363282255887 130000003000CHRISTINE SHELLEY               NETL1790                          Abaz            00000000
1016-363282255887 130000005000CHRISTINE SHELLEY               NETL1790                          Abaz            00000000
1063-163 10160473 130000006100SELINA LYONS                    NETL1944                          Abaz            00000000
1112-879431097131 130000015250SHANE M PROUD                   NETL1957                          Abaz            00000000
1          500000067650Abaz                                                       Abaz            00000000
7999-999            000000000000000676500000067650                        000011                                        
