0                 01CBA                                 DIRECT DEBIT200613                                        
1083-832128244477 130000008000JADE SPINELLI                   NETL666                           Abaz            00000000
1083-832128244477 130000005000JADE SPINELLI                   NETL666                           Abaz            00000000
1083-832128244477 130000010000JADE SPINELLI                   NETL666                           Abaz            00000000
1          500000023000Abaz                                                       Abaz            00000000
7999-999            000000000000000230000000023000                        000004                                        
