0                 01CBA                                 DIRECT DEBIT220513                                        
1062-196 11135912 130000020450MAKERITA TOALE                  NETL1494                          Abaz            00000000
1062-692 15941934 130000032400SAMANTHA THOMPSON               NETL1592                          Abaz            00000000
1          500000052850Abaz                                                       Abaz            00000000
7999-999            000000000000000528500000052850                        000003                                        
