0                 01CBA                                 DIRECT DEBIT230713                                        
1062-692 16329448 130000048870HELEN CHAPMAN                   NETL1192                          Abaz            00000000
1          500000048870Abaz                                                       Abaz            00000000
7999-999            000000000000000488700000048870                        000002                                        
