0                 01CBA                                 DIRECT DEBIT230713                                        
1013-720255943078 130000004517SAMUEL DAVIS & DEBRA HANCOCK    NETL1553                          Abaz            00000000
1          500000004517Abaz                                                       Abaz            00000000
7999-999            000000000000000045170000004517                        000002                                        
