0                 01CBA                                 DIRECT DEBIT240413                                        
1062-410 10160136 130000008000TARA MCPHERSON                  NETL270                           Abaz            00000000
1062-410 10160136 130000013950TARA MCPHERSON                  NETL270                           Abaz            00000000
1732-371   811551 130000002000RYAN QUIJON                     NETL387                           Abaz            00000000
1063-050 10074449 130000003000JEFFREY BIRRELL                 NETL441                           Abaz            00000000
1013-457206790888 130000012220BRENDAN VAUGHAN                 NETL483                           Abaz            00000000
1013-457206790888 130000008000BRENDAN VAUGHAN                 NETL483                           Abaz            00000000
1802-129    46440 130000015000CORIN EVERLYN LANGLO            NETL629                           Abaz            00000000
1802-129    46440 130000006000CORIN EVERLYN LANGLO            NETL629                           Abaz            00000000
1802-129    46440 130000010000CORIN EVERLYN LANGLO            NETL629                           Abaz            00000000
1802-129    46440 130000010000CORIN EVERLYN LANGLO            NETL629                           Abaz            00000000
1802-129    46440 130000005000CORIN EVERLYN LANGLO            NETL629                           Abaz            00000000
1733-091   656731 130000002000RICHARD ARMSTRONG               NETL682                           Abaz            00000000
1732-274   637109 130000005000RINDA KHARDILA                  NETL837                           Abaz            00000000
1732-274   637109 130000005000RINDA KHARDILA                  NETL837                           Abaz            00000000
1012-345279647775 130000008500RYAN SANTOSO                    NETL1041                          Abaz            00000000
1012-345279647775 130000008000RYAN SANTOSO                    NETL1041                          Abaz            00000000
1082-338141442208 130000015250LILYAN MUNA                     NETL1120                          Abaz            00000000
1732-172   878366 130000005000ASHLEY P LLOYD                  NETL1238                          Abaz            00000000
1732-159   668356 130000005000ELSAD LESHETZ                   NETL1313                          Abaz            00000000
1732-159   668356 130000002450ELSAD LESHETZ                   NETL1313                          Abaz            00000000
1633-000133752667 130000008000MALCOLM CHARLES                 NETL1462                          Abaz            00000000
1633-000133752667 130000018350MALCOLM CHARLES                 NETL1462                          Abaz            00000000
1062-196 11135912 130000020450MAKERITA TOALE                  NETL1494                          Abaz            00000000
1062-692 15941934 130000012200SAMANTHA THOMPSON               NETL1592                          Abaz            00000000
1112-879465430692 130000006100TRENT PEARCE                    NETL1759                          Abaz            00000000
1          500000214470Abaz                                                       Abaz            00000000
7999-999            000000000000002144700000214470                        000026                                        
