0                 01CBA                                 DIRECT DEBIT240713                                        
1732-833   720030 130000005000LUKE SCHUYLER                   NETL89                            Abaz            00000000
1062-560 10094732 130000005000NEVANA SINES                    NETL1198                          Abaz            00000000
1062-560 10094732 130000003000NEVANA SINES                    NETL1198                          Abaz            00000000
1062-560 10094732 130000005225NEVANA SINES                    NETL1198                          Abaz            00000000
1062-560 10094732 130000005000NEVANA SINES                    NETL1198                          Abaz            00000000
1063-163 10160473 130000004000SELINA LYONS                    NETL1944                          Abaz            00000000
1063-163 10160473 130000006100SELINA LYONS                    NETL1944                          Abaz            00000000
1          500000033325Abaz                                                       Abaz            00000000
7999-999            000000000000000333250000033325                        000008                                        
