0                 01CBA                                 DIRECT DEBIT250613                                        
1013-720255943078 130000005000SAMUEL DAVIS & DEBRA HANCOCK    NETL1553                          Abaz            00000000
1013-720255943078 130000005000SAMUEL DAVIS & DEBRA HANCOCK    NETL1553                          Abaz            00000000
1013-720255943078 130000005000SAMUEL DAVIS & DEBRA HANCOCK    NETL1553                          Abaz            00000000
1013-720255943078 130000005000SAMUEL DAVIS & DEBRA HANCOCK    NETL1553                          Abaz            00000000
1013-720255943078 130000005000SAMUEL DAVIS & DEBRA HANCOCK    NETL1553                          Abaz            00000000
1112-879464762530 130000009150MICHAEL CAUDRE                  NETL1931                          Abaz            00000000
1          500000034150Abaz                                                       Abaz            00000000
7999-999            000000000000000341500000034150                        000007                                        
