0                 01CBA                                 DIRECT DEBIT250713                                        
1732-020   578049 130000003950LUKE PAVEY                      NETL1732                          Abaz            00000000
1          500000003950Abaz                                                       Abaz            00000000
7999-999            000000000000000039500000003950                        000002                                        
