0                 01CBA                                 DIRECT DEBIT260613                                        
1732-833   720030 130000002000LUKE SCHUYLER                   NETL89                            Abaz            00000000
1732-250   616100 130000013950MICHAEL P MUNRO                 NETL853                           Abaz            00000000
1062-560 10094732 130000010225NEVANA SINES                    NETL1198                          Abaz            00000000
1063-163 10160473 130000006100SELINA LYONS                    NETL1944                          Abaz            00000000
1112-879431097131 130000015250SHANE M PROUD                   NETL1957                          Abaz            00000000
1          500000047525Abaz                                                       Abaz            00000000
7999-999            000000000000000475250000047525                        000006                                        
