0                 01CBA                                 DIRECT DEBIT270613                                        
1112-879457941610 130000007700RINDA KHARDILA                  NETL837                           Abaz            00000000
1112-879457941610 130000010000RINDA KHARDILA                  NETL837                           Abaz            00000000
1012-559281712652 130000010000DANE DREYER                     NETL846                           Abaz            00000000
1012-559281712652 130000005000DANE DREYER                     NETL846                           Abaz            00000000
1012-559281712652 130000010000DANE DREYER                     NETL846                           Abaz            00000000
1012-559281712652 130000005000DANE DREYER                     NETL846                           Abaz            00000000
1650-000987994903 130000012220ANDREW CHARLES WAYNE            NETL910                           Abaz            00000000
1          500000059920Abaz                                                       Abaz            00000000
7999-999            000000000000000599200000059920                        000008                                        
