0                 01CBA                                 DIRECT DEBIT270513                                        
1062-159 10217135 130000005000RIMA AZIZ                       NETL1065                          Abaz            00000000
1          500000005000Abaz                                                       Abaz            00000000
7999-999            000000000000000050000000005000                        000002                                        
