0                 01CBA                                 DIRECT DEBIT280513                                        
1063-541 10754784 130000003050LEANNE EDWARDS                  NETL1832                          Abaz            00000000
1          500000003050Abaz                                                       Abaz            00000000
7999-999            000000000000000030500000003050                        000002                                        
