0                 01CBA                                 DIRECT DEBIT290713                                        
1303-092  4676955 130000003000MICHAEL CUTRI                   NETL1382                          Abaz            00000000
1112-879467262805 130000040400LINDA  HUGHES                   NETL1396                          Abaz            00000000
1          500000043400Abaz                                                       Abaz            00000000
7999-999            000000000000000434000000043400                        000003                                        
