0                 01CBA                                 DIRECT DEBIT290513                                        
1062-692 15149066 130000001000RYAN QUIJON                     NETL387                           Abaz            00000000
1062-692 15149066 130000001500RYAN QUIJON                     NETL387                           Abaz            00000000
1          500000002500Abaz                                                       Abaz            00000000
7999-999            000000000000000025000000002500                        000003                                        
