0                 01CBA                                 DIRECT DEBIT290513                                        
1637-000713479470 130000012220DEBRA BELL                      NETL1327                          Abaz            00000000
1012-484181669263 130000005000LUKE EGAN                       NETL1400                          Abaz            00000000
1012-484181669263 130000005000LUKE EGAN                       NETL1400                          Abaz            00000000
1012-484181669263 130000005000LUKE EGAN                       NETL1400                          Abaz            00000000
1062-692 15941934 130000012400SAMANTHA THOMPSON               NETL1592                          Abaz            00000000
1062-692 15941934 130000005000SAMANTHA THOMPSON               NETL1592                          Abaz            00000000
1062-692 15941934 130000010000SAMANTHA THOMPSON               NETL1592                          Abaz            00000000
1062-692 15941934 130000005000SAMANTHA THOMPSON               NETL1592                          Abaz            00000000
1          500000059620Abaz                                                       Abaz            00000000
7999-999            000000000000000596200000059620                        000009                                        
