0                 01CBA       CHEXCBLA                  068734DIRECT DEBIT301213                                        
1303-092  4676955 130000004000MICHAEL CUTRI                   NETL1382          062-121 10681390Abaz            00000000
1062-121 10681390 500000004000Abaz                                              062-121 10681390Abaz            00000000
7999-999            000000000000000040000000004000                        000002                                        
