0                 01CBA                                 DIRECT DEBIT300713                                        
1082-799128910740 130000005000DAYNE COOMB                     NETL1214                          Abaz            00000000
1          500000005000Abaz                                                       Abaz            00000000
7999-999            000000000000000050000000005000                        000002                                        
