0                 01CBA                                 DIRECT DEBIT300513                                        
1012-559281712652 130000008000DANE DREYER                     NETL846                           Abaz            00000000
1012-559281712652 130000024435DANE DREYER                     NETL846                           Abaz            00000000
1082-338141442208 130000010000LILYAN MUNA                     NETL1120                          Abaz            00000000
1732-172   878366 130000002000ASHLEY P LLOYD                  NETL1238                          Abaz            00000000
1732-172   878366 130000009800ASHLEY P LLOYD                  NETL1238                          Abaz            00000000
1732-172   878366 130000002000ASHLEY P LLOYD                  NETL1238                          Abaz            00000000
1732-172   878366 130000010000ASHLEY P LLOYD                  NETL1238                          Abaz            00000000
1734-243   598978 130000012200MICHELLE ANNE HOGAN             NETL1893                          Abaz            00000000
1          500000078435Abaz                                                       Abaz            00000000
7999-999            000000000000000784350000078435                        000009                                        
