0                 01CBA                                 DIRECT DEBIT310713                                        
1732-833   720030 130000005000LUKE SCHUYLER                   NETL89                            Abaz            00000000
1733-338   689026 130000005450AYLA AKINCI                     NETL475                           Abaz            00000000
1733-338   689026 130000005450AYLA AKINCI                     NETL475                           Abaz            00000000
1802-129    46440 130000005000CORIN EVERLYN LANGLO            NETL629                           Abaz            00000000
1012-492197541379 130000010000MICHELLE  ELIZABETH PUFFETT     NETL1606                          Abaz            00000000
1732-075   800049 130000006200MINH NGUYEN                     NETL2271                          Abaz            00000000
1          500000037100Abaz                                                       Abaz            00000000
7999-999            000000000000000371000000037100                        000007                                        
