0                 01CBA                                 DIRECT DEBIT310513                                        
1732-172   878366 130000002000ASHLEY P LLOYD                  NETL1238                          Abaz            00000000
1732-172   878366 130000010000ASHLEY P LLOYD                  NETL1238                          Abaz            00000000
1732-172   878366 130000002000ASHLEY P LLOYD                  NETL1238                          Abaz            00000000
1732-172   878366 130000009800ASHLEY P LLOYD                  NETL1238                          Abaz            00000000
1          500000023800Abaz                                                       Abaz            00000000
7999-999            000000000000000238000000023800                        000005                                        
