0                 01NAB       MONEY PLUS NETLENDING     440624DIRECT DEBIT010813                                        
1082-133893200156 130000025710MELE PENIATA                    NETL377           082-330123189413Abaz            00000000
1732-172   886374 130000013950MALIOLIOAO TUESE                NETL435           082-330123189413Abaz            00000000
1642-170   652573 130000024435TRACEY CORNISH                  NETL504           082-330123189413Abaz            00000000
1803-205 20567944 130000054550DAVID JOHN HUMPHRY              NETL574           082-330123189413Abaz            00000000
1082-282681288344 130000037200JUSTINE MERCER                  NETL674           082-330123189413Abaz            00000000
1014-309279192264 130000005000MILAN RADOVANOVIC               NETL733           082-330123189413Abaz            00000000
1014-309279192264 130000003000MILAN RADOVANOVIC               NETL733           082-330123189413Abaz            00000000
1014-309279192264 130000048870MILAN RADOVANOVIC               NETL733           082-330123189413Abaz            00000000
1062-000 14288873 130000012220CHRISTOPHER FINNERAN            NETL821           082-330123189413Abaz            00000000
1012-787491706306 130000027900MR PHILLIP MCARDLE              NETL848           082-330123189413Abaz            00000000
1650-000987994903 130000025000ANDREW CHARLES WAYNE            NETL910           082-330123189413Abaz            00000000
1082-052113805358 130000032000CHRISTELLE CUBIZOLLES           NETL992           082-330123189413Abaz            00000000
1082-343156458050 130000006200ANTOINETTE AWKAR                NETL1038          082-330123189413Abaz            00000000
1082-494171292247 130000024425SCOTT NELSON                    NETL1124          082-330123189413Abaz            00000000
1082-406197490209 130000017000KAMINI SINGH                    NETL1161          082-330123189413Abaz            00000000
1082-048942778764 130000022720DYLAN MORGAN                    NETL1540          082-330123189413Abaz            00000000
1016-363282255887 130000004100CHRISTINE SHELLEY               NETL1790          082-330123189413Abaz            00000000
1012-140904296916 130000012400RICHARD FRAZIER                 NETL1823          082-330123189413Abaz            00000000
1732-080   646461 130000015500WON JUN CHOE                    NETL1932          082-330123189413Abaz            00000000
1303-092  4942542 130000013330COLIN DAVID HASTIE              NETL1977          082-330123189413Abaz            00000000
1112-879475163831 130000011200DAWN SANELE                     NETL2269          082-330123189413Abaz            00000000
1112-879439107040 130000031000MELANIE JANE HERBERT            NETL2278          082-330123189413Abaz            00000000
1082-330123189413 500000467710Abaz                                              082-330123189413Abaz            00000000
7999-999            000000000000004677100000467710                        000023                                        
