0                 01NAB       MONEY PLUS NETLENDING     440624DIRECT DEBIT010713                                        
1302-961   123026 130000008500ELIAS KHAZEN                    NETL971           082-330123189413Abaz            00000000
1012-556483940813 130000011775GREGORY NUSS                    NETL1325          082-330123189413Abaz            00000000
1082-330123189413 500000020275Abaz                                              082-330123189413Abaz            00000000
7999-999            000000000000000202750000020275                        000003                                        
