0                 01NAB       MONEY PLUS NETLENDING     440624DIRECT DEBIT010513                                        
1082-186175978772 130000024435BRADLEY FRANCISCO               NETL37            082-330123189413Abaz            00000000
1732-278   706693 130000024435MISS FIONA PITCHFORD            NETL146           082-330123189413Abaz            00000000
1704-189    41119 130000012200DEAN HAWKINS                    NETL176           082-330123189413Abaz            00000000
1062-597 10488314 130000013950ROY SUEGA                       NETL318           082-330123189413Abaz            00000000
1732-371   811551 130000002000RYAN QUIJON                     NETL387           082-330123189413Abaz            00000000
1062-199 28023572 130000024435PETER AVNI                      NETL468           082-330123189413Abaz            00000000
1062-416 10112963 130000005000JULIE AMELIA FOLOMU             NETL484           082-330123189413Abaz            00000000
1112-879446703675 130000024435SELUIA PENN                     NETL486           082-330123189413Abaz            00000000
1082-330139349450 130000024435LARA MERRITT                    NETL510           082-330123189413Abaz            00000000
1062-692 11936281 130000027900TAMAR BALIAN                    NETL891           082-330123189413Abaz            00000000
1122-740 21765184 130000006100NATHAN MCVEY                    NETL951           082-330123189413Abaz            00000000
1122-740 21765184 130000004000NATHAN MCVEY                    NETL951           082-330123189413Abaz            00000000
1732-067   750301 130000015250ALEXANDER BOZINAKIS             NETL1064          082-330123189413Abaz            00000000
1112-879119980333 130000012220NIKKI LAUDER                    NETL1094          082-330123189413Abaz            00000000
1062-799 11361625 130000030500SIOBHAN & JACOB CABARRUS        NETL1131          082-330123189413Abaz            00000000
1112-879108425650 130000036700TAHLIA GRENADE                  NETL1134          082-330123189413Abaz            00000000
1012-224254232944 130000011775JABEZ BRYCE                     NETL1200          082-330123189413Abaz            00000000
1063-449 10144969 130000012180JULIE-ANN BUSUTTIL              NETL1219          082-330123189413Abaz            00000000
1012-556904184682 130000002000ATECA VAI                       NETL1266          082-330123189413Abaz            00000000
1193-879438110829 130000012180BRENDAN BOWTELL                 NETL1277          082-330123189413Abaz            00000000
1062-189 10211730 130000030500SANIKO AKANGAROI                NETL1319          082-330123189413Abaz            00000000
1062-191 10606675 130000017000LOSENA NAWAQAVOU                NETL1321          082-330123189413Abaz            00000000
1637-000713479470 130000002000DEBRA BELL                      NETL1327          082-330123189413Abaz            00000000
1032-176   179282 130000001000GREGORY COOK                    NETL1374          082-330123189413Abaz            00000000
1082-494116177342 130000008335MELANIE DUNN                    NETL1387          082-330123189413Abaz            00000000
1012-484181669263 130000015250LUKE EGAN                       NETL1400          082-330123189413Abaz            00000000
1062-517 10119619 130000030500ALANA LOUISE NIEBOZYSNKI        NETL1439          082-330123189413Abaz            00000000
1062-517 10119619 130000008000ALANA LOUISE NIEBOZYSNKI        NETL1439          082-330123189413Abaz            00000000
1112-879428114640 130000061000TALEI JORGENSEN                 NETL1480          082-330123189413Abaz            00000000
1112-879428114640 130000008000TALEI JORGENSEN                 NETL1480          082-330123189413Abaz            00000000
1112-879464505496 130000024435PAULINE MILLER                  NETL1544          082-330123189413Abaz            00000000
1802-388    47859 130000023550KARENA POTO                     NETL1607          082-330123189413Abaz            00000000
1733-044   780019 130000006100ADRIAN JENKINS                  NETL1653          082-330123189413Abaz            00000000
1066-162 10303793 130000012220ANDREW JEFFREY WATSON           NETL1662          082-330123189413Abaz            00000000
1062-313   665803 130000009150ANNE-MARIE BULLEN               NETL1671          082-330123189413Abaz            00000000
1083-215188155214 130000015250JASON CAIN                      NETL1673          082-330123189413Abaz            00000000
1732-718   502804 130000009150LEEANNE JEAN WRIGHT             NETL1674          082-330123189413Abaz            00000000
1063-212 10235577 130000015250BLAKE BONFIELD                  NETL1675          082-330123189413Abaz            00000000
1013-805266025213 130000006100NAZARI EZATULLAH                NETL1693          082-330123189413Abaz            00000000
1012-220576773049 130000015250WARREN WILLIAM HALL             NETL1704          082-330123189413Abaz            00000000
1732-020   578049 130000003050LUKE PAVEY                      NETL1732          082-330123189413Abaz            00000000
1062-443 10611852 130000012200MARIA MEJIA                     NETL1744          082-330123189413Abaz            00000000
1062-692 14743653 130000018300LEONIE FAY BYRNES               NETL1778          082-330123189413Abaz            00000000
1012-556187406958 130000015250KYM MARIE HASTILOW              NETL1792          082-330123189413Abaz            00000000
1082-330123189413 500006929701Abaz                                              082-330123189413Abaz            00000000
7999-999            000000000000069297010006929701                        000045                                        
