0                 01NAB       MONEY PLUS NETLENDING     440624DIRECT DEBIT020813                                        
1732-090   860963 130000005000JOHN BURDEN                     NETL523           082-330123189413Abaz            00000000
1732-090   860963 130000055800JOHN BURDEN                     NETL523           082-330123189413Abaz            00000000
1923-100 31562555 130000002000SCOTT CULLEN                    NETL876           082-330123189413Abaz            00000000
1923-100 30624886 130000010000JUSTIN WRIGHT                   NETL878           082-330123189413Abaz            00000000
1112-879492378578 130000027900SKYE COOPER                     NETL1157          082-330123189413Abaz            00000000
1014-253180522892 130000016000MICHAEL A TESTER                NETL1686          082-330123189413Abaz            00000000
1082-330123189413 500000116700Abaz                                              082-330123189413Abaz            00000000
7999-999            000000000000001167000000116700                        000007                                        
