0                 01NAB       MONEY PLUS NETLENDING     440624DIRECT DEBIT020713                                        
1112-879 31794034 130000013950MR ROBERTO ANTONIO BUDA         NETL181           082-330123189413Abaz            00000000
1062-619 10082047 130000012220KARL DAVIS                      NETL239           082-330123189413Abaz            00000000
1062-693 12515988 130000013575SELA TUKUAFU                    NETL493           082-330123189413Abaz            00000000
1734-010   530286 130000012220CARMEN TABONE                   NETL641           082-330123189413Abaz            00000000
1082-778163797544 130000027150MICHAEL LONG                    NETL726           082-330123189413Abaz            00000000
1012-280491749031 130000013575DEREK THOMAS WINKLEMAN          NETL831           082-330123189413Abaz            00000000
1012-233583757952 130000012220MAXINE BUSSELL                  NETL1384          082-330123189413Abaz            00000000
1063-116 10051014 130000015250CARLY GARD                      NETL1460          082-330123189413Abaz            00000000
1083-802144026402 130000012200DARRYL KETCHUP                  NETL1765          082-330123189413Abaz            00000000
1012-241382686174 130000013440KELLIE MATHEWS                  NETL1858          082-330123189413Abaz            00000000
1112-879483550049 130000024435RATU TAWAKELEVU                 NETL1900          082-330123189413Abaz            00000000
1063-832 10065436 130000015250SUZANNE J SQUIRES               NETL1974          082-330123189413Abaz            00000000
1012-347251172819 130000013330SIONE ENIKETI KAUFISI           NETL2015          082-330123189413Abaz            00000000
1082-330123189413 500000198815Abaz                                              082-330123189413Abaz            00000000
7999-999            000000000000001988150000198815                        000014                                        
