0                 01NAB       MONEY PLUS NETLENDING     440624DIRECT DEBIT020613                                        
1124-107111111111 130000006100MONIKA TEST                     NETL1947          082-330123189413Abaz            00000000
1082-330123189413 500000006100Abaz                                              082-330123189413Abaz            00000000
7999-999            000000000000000061000000006100                        000002                                        
