0                 01NAB       MONEY PLUS NETLENDING     440624DIRECT DEBIT030613                                        
1062-334 10919527 130000006367SHEMA FAASALAFA                 NETL781           082-330123189413Abaz            00000000
1302-961   123026 130000008500ELIAS KHAZEN                    NETL971           082-330123189413Abaz            00000000
1012-556483940813 130000010225GREGORY NUSS                    NETL1325          082-330123189413Abaz            00000000
1013-720255943078 130000011775SAMUEL DAVIS & DEBRA HANCOCK    NETL1553          082-330123189413Abaz            00000000
1085-839859473732 130000008000DARREN ATKINS                   NETL1762          082-330123189413Abaz            00000000
1085-839859473732 130000061000DARREN ATKINS                   NETL1762          082-330123189413Abaz            00000000
1732-094   677090 130000015250AARON PROVIS                    NETL1920          082-330123189413Abaz            00000000
1082-330123189413 500000121117Abaz                                              082-330123189413Abaz            00000000
7999-999            000000000000001211170000121117                        000008                                        
