0                 01NAB       MONEY PLUS NETLENDING     440624DIRECT DEBIT030513                                        
1814-282 10188669 130000005000PHILLIP OWEN HALES              NETL548           082-330123189413Abaz            00000000
1083-646585541119 130000009150JASON SANDHAM                   NETL809           082-330123189413Abaz            00000000
1112-879492805832 130000005000KRISTEN PHILLIPS                NETL939           082-330123189413Abaz            00000000
1082-799138215864 130000003125WENDY PATTISON                  NETL993           082-330123189413Abaz            00000000
1014-253180522892 130000012220MICHAEL A TESTER                NETL1686          082-330123189413Abaz            00000000
1732-273   724219 130000012200MEHREENA NAEEM                  NETL1702          082-330123189413Abaz            00000000
1082-330123189413 500000046695Abaz                                              082-330123189413Abaz            00000000
7999-999            000000000000000466950000046695                        000007                                        
