0                 01NAB       MONEY PLUS NETLENDING     440624DIRECT DEBIT040613                                        
1112-879 31794034 130000013950MR ROBERTO ANTONIO BUDA         NETL181           082-330123189413Abaz            00000000
1062-339 10303622 130000025710SINALOA TEAURERE                NETL305           082-330123189413Abaz            00000000
1013-479187378301 130000010000JESSICA PERKINS                 NETL465           082-330123189413Abaz            00000000
1062-693 12515988 130000013575SELA TUKUAFU                    NETL493           082-330123189413Abaz            00000000
1082-345590680340 130000027150SCOTT WAYNE CHALKER             NETL522           082-330123189413Abaz            00000000
1734-010   530286 130000012220CARMEN TABONE                   NETL641           082-330123189413Abaz            00000000
1650-000715144104 130000004100DYLAN CHIDGEY                   NETL654           082-330123189413Abaz            00000000
1012-280491749031 130000013575DEREK THOMAS WINKLEMAN          NETL831           082-330123189413Abaz            00000000
1112-879155649998 130000005000MARINA KUTIJA                   NETL881           082-330123189413Abaz            00000000
1082-799128910740 130000001060DAYNE COOMB                     NETL1214          082-330123189413Abaz            00000000
1062-714 10057901 130000004000TASSA PUNSEE                    NETL1339          082-330123189413Abaz            00000000
1112-879411677315 130000030500KARMA SONAM LAMA                NETL1360          082-330123189413Abaz            00000000
1012-233583757952 130000012220MAXINE BUSSELL                  NETL1384          082-330123189413Abaz            00000000
1062-438 10242243 130000030500MATANGINUI KINGI                NETL1730          082-330123189413Abaz            00000000
1732-020   578049 130000003050LUKE PAVEY                      NETL1732          082-330123189413Abaz            00000000
1112-879431529951 130000011150CHRISTOPHER WATKINS             NETL1764          082-330123189413Abaz            00000000
1083-802144026402 130000012200DARRYL KETCHUP                  NETL1765          082-330123189413Abaz            00000000
1923-100 30304037 130000012200ANDREW STRAUGHAIR               NETL1847          082-330123189413Abaz            00000000
1012-241382686174 130000013460KELLIE MATHEWS                  NETL1858          082-330123189413Abaz            00000000
1112-879483550049 130000024435RATU TAWAKELEVU                 NETL1900          082-330123189413Abaz            00000000
1062-235   699660 130000018300MR ROBERT GORDON                NETL1912          082-330123189413Abaz            00000000
1062-692 14830597 130000006100DYLAN JOHNSTONE                 NETL1951          082-330123189413Abaz            00000000
1082-330123189413 500000304455Abaz                                              082-330123189413Abaz            00000000
7999-999            000000000000003044550000304455                        000023                                        
