0                 01NAB       MONEY PLUS NETLENDING     440624DIRECT DEBIT040713                                        
1083-310545776271 130000006575KIRSTY ROWAN                    NETL31            082-330123189413Abaz            00000000
1704-189    41119 130000005133DEAN HAWKINS                    NETL176           082-330123189413Abaz            00000000
1082-133893200156 130000025710MELE PENIATA                    NETL377           082-330123189413Abaz            00000000
1732-172   886374 130000013950MALIOLIOAO TUESE                NETL435           082-330123189413Abaz            00000000
1944-300 13216481 130000024435MEGAN KELLY                     NETL549           082-330123189413Abaz            00000000
1803-205 20567944 130000008000DAVID JOHN HUMPHRY              NETL574           082-330123189413Abaz            00000000
1803-205 20567944 130000046500DAVID JOHN HUMPHRY              NETL574           082-330123189413Abaz            00000000
1082-282681288344 130000036700JUSTINE MERCER                  NETL674           082-330123189413Abaz            00000000
1062-000 14288873 130000012220CHRISTOPHER FINNERAN            NETL821           082-330123189413Abaz            00000000
1650-000988155108 130000012220ANDREW CHARLES WAYNE            NETL910           082-330123189413Abaz            00000000
1082-343156458050 130000012200ANTOINETTE AWKAR                NETL1038          082-330123189413Abaz            00000000
1082-494171292247 130000024435SCOTT NELSON                    NETL1124          082-330123189413Abaz            00000000
1082-406197490209 130000017000KAMINI SINGH                    NETL1161          082-330123189413Abaz            00000000
1112-879467262805 130000012220LINDA  HUGHES                   NETL1396          082-330123189413Abaz            00000000
1112-879467262805 130000008000LINDA  HUGHES                   NETL1396          082-330123189413Abaz            00000000
1012-347263742815 130000027270LOVELY SANGALANG                NETL1447          082-330123189413Abaz            00000000
1062-136 10336336 130000018350NADIA HALPIN                    NETL1478          082-330123189413Abaz            00000000
1012-874282476292 130000001500DIANE BILLINGTON                NETL1536          082-330123189413Abaz            00000000
1082-048942778764 130000022720DYLAN MORGAN                    NETL1540          082-330123189413Abaz            00000000
1012-140904296916 130000005000RICHARD FRAZIER                 NETL1823          082-330123189413Abaz            00000000
1012-140904296916 130000003000RICHARD FRAZIER                 NETL1823          082-330123189413Abaz            00000000
1012-140904296916 130000009150RICHARD FRAZIER                 NETL1823          082-330123189413Abaz            00000000
1805-050 61323585 130000006100JAMES WHEELER(OLIVIA WHEELER)   NETL1964          082-330123189413Abaz            00000000
1303-092  4942542 130000013330COLIN DAVID HASTIE              NETL1977          082-330123189413Abaz            00000000
1659-000   108385 130000048900CAROLE HODDER                   NETL1999          082-330123189413Abaz            00000000
1012-253438510806 130000009150TINA NEPE                       NETL2058          082-330123189413Abaz            00000000
1082-330123189413 500000429768Abaz                                              082-330123189413Abaz            00000000
7999-999            000000000000004297680000429768                        000027                                        
