0                 01NAB       MONEY PLUS NETLENDING     440624DIRECT DEBIT050813                                        
1082-918140585776 130000002500RENEE DOWNEY                    NETL868           082-330123189413Abaz            00000000
1302-961   123026 130000009600ELIAS KHAZEN                    NETL971           082-330123189413Abaz            00000000
1082-052113805358 130000032000CHRISTELLE CUBIZOLLES           NETL992           082-330123189413Abaz            00000000
1082-052113805358 130000003000CHRISTELLE CUBIZOLLES           NETL992           082-330123189413Abaz            00000000
1012-556483940813 130000009600GREGORY NUSS                    NETL1325          082-330123189413Abaz            00000000
1012-402379498893 130000024800WELLY MULYADI                   NETL1966          082-330123189413Abaz            00000000
1062-421 10316382 130000018600NELIA LETICH                    NETL2288          082-330123189413Abaz            00000000
1062-121 10856349 130000009300MICHELLE WESTRIP                NETL2296          082-330123189413Abaz            00000000
1082-330123189413 500000109400Abaz                                              082-330123189413Abaz            00000000
7999-999            000000000000001094000000109400                        000009                                        
