0                 01NAB       MONEY PLUS NETLENDING     440624DIRECT DEBIT050613                                        
1012-765207444493 130000013950WAYNE STEWART HUGHES            NETL68            082-330123189413Abaz            00000000
1732-833   720030 130000005000LUKE SCHUYLER                   NETL89            082-330123189413Abaz            00000000
1062-597 10488314 130000013950ROY SUEGA                       NETL318           082-330123189413Abaz            00000000
1733-338   689026 130000010000AYLA AKINCI                     NETL475           082-330123189413Abaz            00000000
1062-416 10112963 130000005000JULIE AMELIA FOLOMU             NETL484           082-330123189413Abaz            00000000
1062-317 10717581 130000023550VAUGHNA TARAWA                  NETL567           082-330123189413Abaz            00000000
1303-092  4691537 130000018600MICHAEL ZAPANTA-STOCKHAM        NETL818           082-330123189413Abaz            00000000
1732-250   616100 130000013950MICHAEL P MUNRO                 NETL853           082-330123189413Abaz            00000000
1637-000715333104 130000024435KATHLEEN BLAKENEY               NETL898           082-330123189413Abaz            00000000
1637-000715333104 130000003000KATHLEEN BLAKENEY               NETL898           082-330123189413Abaz            00000000
1637-000715333104 130000005000KATHLEEN BLAKENEY               NETL898           082-330123189413Abaz            00000000
1112-879431449272 130000001000SHANNAN VISANICH                NETL908           082-330123189413Abaz            00000000
1122-740 21765184 130000006100NATHAN MCVEY                    NETL951           082-330123189413Abaz            00000000
1122-740 21765184 130000004000NATHAN MCVEY                    NETL951           082-330123189413Abaz            00000000
1012-468512607463 130000027900VLADIMIR  TROTNAR               NETL970           082-330123189413Abaz            00000000
1082-121159060590 130000024435AQELA NAWAI                     NETL973           082-330123189413Abaz            00000000
1112-879119980333 130000012220NIKKI LAUDER                    NETL1094          082-330123189413Abaz            00000000
1062-098 10058455 130000027900STEPHEN SUMMERS                 NETL1152          082-330123189413Abaz            00000000
1112-879 66752635 130000029320MANDY EDWARDS                   NETL1156          082-330123189413Abaz            00000000
1062-162 10163273 130000009300MICHAEL FOSTER                  NETL1196          082-330123189413Abaz            00000000
1062-560 10094732 130000010225NEVANA SINES                    NETL1198          082-330123189413Abaz            00000000
1012-224254232944 130000011775JABEZ BRYCE                     NETL1200          082-330123189413Abaz            00000000
1732-172   878366 130000004100ASHLEY P LLOYD                  NETL1238          082-330123189413Abaz            00000000
1193-879438110829 130000013950BRENDAN BOWTELL                 NETL1277          082-330123189413Abaz            00000000
1032-176   179282 130000001000GREGORY COOK                    NETL1374          082-330123189413Abaz            00000000
1302-968    73871 130000003000MICHAEL CUTRI                   NETL1382          082-330123189413Abaz            00000000
1062-167 10035307 130000023550SARAH  MALCOLM                  NETL1446          082-330123189413Abaz            00000000
1802-091   898312 130000024400BRIAR KAIT THOMPSON             NETL1509          082-330123189413Abaz            00000000
1082-146496220137 130000015250ESAFE FEVALEAKI                 NETL1513          082-330123189413Abaz            00000000
1112-879 22669936 130000018600DEBRA SMALL                     NETL1584          082-330123189413Abaz            00000000
1082-276116647375 130000008500JOHN HERNANDEZ LONDONO          NETL1602          082-330123189413Abaz            00000000
1012-492197541379 130000010000MICHELLE  ELIZABETH PUFFETT     NETL1606          082-330123189413Abaz            00000000
1062-313   665803 130000009150ANNE-MARIE BULLEN               NETL1671          082-330123189413Abaz            00000000
1732-718   502804 130000009150LEEANNE JEAN WRIGHT             NETL1674          082-330123189413Abaz            00000000
1012-220576773049 130000013575WARREN WILLIAM HALL             NETL1704          082-330123189413Abaz            00000000
1732-075   760294 130000030500HELEN JOSHUA                    NETL1705          082-330123189413Abaz            00000000
1112-879466453095 130000023550MERLY NACU                      NETL1711          082-330123189413Abaz            00000000
1062-121 10601821 130000010225LISA GAYE MITROVICH             NETL1883          082-330123189413Abaz            00000000
1733-262   625391 130000009150KINGSLEY CLIVE ROGERS           NETL1899          082-330123189413Abaz            00000000
1012-408526133297 130000008500TELESIA TUESE                   NETL1909          082-330123189413Abaz            00000000
1063-163 10160473 130000006100SELINA LYONS                    NETL1944          082-330123189413Abaz            00000000
1062-322 10336410 130000030500MELISSA POTTS                   NETL1948          082-330123189413Abaz            00000000
1062-453 10036143 130000008500MICHELLE MEE                    NETL1954          082-330123189413Abaz            00000000
1732-561   605361 130000015250CHRISTINE HOOPER                NETL1958          082-330123189413Abaz            00000000
1082-330123189413 500000597110Abaz                                              082-330123189413Abaz            00000000
7999-999            000000000000005971100000597110                        000045                                        
