0                 01NAB       MONEY PLUS NETLENDING     440624DIRECT DEBIT050713                                        
1923-100 31562555 130000002000SCOTT CULLEN                    NETL876           082-330123189413Abaz            00000000
1112-879492378578 130000027900SKYE COOPER                     NETL1157          082-330123189413Abaz            00000000
1082-330123189413 500000029900Abaz                                              082-330123189413Abaz            00000000
7999-999            000000000000000299000000029900                        000003                                        
