0                 01NAB       MONEY PLUS NETLENDING     440624DIRECT DEBIT060613                                        
1083-451181681430 130000008000KIRSTY ROWAN                    NETL31            082-330123189413Abaz            00000000
1083-451181681430 130000009100KIRSTY ROWAN                    NETL31            082-330123189413Abaz            00000000
1083-451181681430 130000009200KIRSTY ROWAN                    NETL31            082-330123189413Abaz            00000000
1112-879107642100 130000054550KEVIN EDWARDS KEARNS            NETL281           082-330123189413Abaz            00000000
1112-879103207717 130000012220R P ANDREWS                     NETL365           082-330123189413Abaz            00000000
1082-133893200156 130000025710MELE PENIATA                    NETL377           082-330123189413Abaz            00000000
1732-172   886374 130000013950MALIOLIOAO TUESE                NETL435           082-330123189413Abaz            00000000
1302-961   154021 130000020000BELINDA GAY LINDSTROM           NETL527           082-330123189413Abaz            00000000
1944-300 13216481 130000024435MEGAN KELLY                     NETL549           082-330123189413Abaz            00000000
1062-000 14288873 130000012220CHRISTOPHER FINNERAN            NETL821           082-330123189413Abaz            00000000
1112-879 56831874 130000012220WILLIAM R POURAU                NETL822           082-330123189413Abaz            00000000
1082-918140585776 130000010000RENEE DOWNEY                    NETL868           082-330123189413Abaz            00000000
1650-000987994903 130000012220ANDREW CHARLES WAYNE            NETL910           082-330123189413Abaz            00000000
1082-494171292247 130000024435SCOTT NELSON                    NETL1124          082-330123189413Abaz            00000000
1732-324   552593 130000012220LINDA  HUGHES                   NETL1396          082-330123189413Abaz            00000000
1012-347263742815 130000030500LOVELY SANGALANG                NETL1447          082-330123189413Abaz            00000000
1803-205  3878964 130000022720DYLAN MORGAN                    NETL1540          082-330123189413Abaz            00000000
1802-396396070277 130000017000CRAIG JULIAN MEINTJES           NETL1802          082-330123189413Abaz            00000000
1012-140904296916 130000009150RICHARD FRAZIER                 NETL1823          082-330123189413Abaz            00000000
1064-114 10209313 130000018300JAYDEN RAJASEKAR                NETL1902          082-330123189413Abaz            00000000
1732-080   646461 130000009150WON JUN CHOE                    NETL1932          082-330123189413Abaz            00000000
1062-443 10794927 130000024435VERONICA CASAS                  NETL1942          082-330123189413Abaz            00000000
1082-330123189413 500000391735Abaz                                              082-330123189413Abaz            00000000
7999-999            000000000000003917350000391735                        000023                                        
