0                 01NAB       MONEY PLUS NETLENDING     440624DIRECT DEBIT060513                                        
1302-961   123026 130000006100ELIAS KHAZEN                    NETL971           082-330123189413Abaz            00000000
1062-159 10217135 130000005045RIMA AZIZ                       NETL1065          082-330123189413Abaz            00000000
1112-879429707931 130000008000SIAN MARIE KIBBLER              NETL1072          082-330123189413Abaz            00000000
1112-879429707931 130000024400SIAN MARIE KIBBLER              NETL1072          082-330123189413Abaz            00000000
1012-556483940813 130000010225GREGORY NUSS                    NETL1325          082-330123189413Abaz            00000000
1013-720255943078 130000011775SAMUEL DAVIS & DEBRA HANCOCK    NETL1553          082-330123189413Abaz            00000000
1082-330123189413 500000065545Abaz                                              082-330123189413Abaz            00000000
7999-999            000000000000000655450000065545                        000007                                        
