0                 01NAB       MONEY PLUS NETLENDING     440624DIRECT DEBIT070813                                        
1012-765207444493 130000013950WAYNE STEWART HUGHES            NETL68            082-330123189413Abaz            00000000
1062-199 28023572 130000024435PETER AVNI                      NETL468           082-330123189413Abaz            00000000
1062-416 10112963 130000005000JULIE AMELIA FOLOMU             NETL484           082-330123189413Abaz            00000000
1082-330139349450 130000024435LARA MERRITT                    NETL510           082-330123189413Abaz            00000000
1062-283 10170022 130000020450DIMITRIOS ANATOLITIS            NETL884           082-330123189413Abaz            00000000
1062-692 11936281 130000037200TAMAR BALIAN                    NETL891           082-330123189413Abaz            00000000
1112-879119980333 130000012220NIKKI LAUDER                    NETL1094          082-330123189413Abaz            00000000
1112-879431536202 130000007000LILYAN MUNA                     NETL1120          082-330123189413Abaz            00000000
1112-879149008545 130000018600SIOBHAN & JACOB CABARRUS        NETL1131          082-330123189413Abaz            00000000
1062-162 10163273 130000009300MICHAEL FOSTER                  NETL1196          082-330123189413Abaz            00000000
1062-560 10094732 130000001000NEVANA SINES                    NETL1198          082-330123189413Abaz            00000000
1012-224254232944 130000014400JABEZ BRYCE                     NETL1200          082-330123189413Abaz            00000000
1063-236 10246880 130000014000JULIE-ANN BUSUTTIL              NETL1219          082-330123189413Abaz            00000000
1012-209281435472 130000004000ATECA VAI                       NETL1266          082-330123189413Abaz            00000000
1193-879438110829 130000013950BRENDAN BOWTELL                 NETL1277          082-330123189413Abaz            00000000
1732-159   668356 130000016000ELSAD LESHETZ                   NETL1313          082-330123189413Abaz            00000000
1032-176   179282 130000003500GREGORY COOK                    NETL1374          082-330123189413Abaz            00000000
1032-184   247361 130000020450MAXIMILIANO PICHON              NETL1582          082-330123189413Abaz            00000000
1082-276116647375 130000009300JOHN HERNANDEZ LONDONO          NETL1602          082-330123189413Abaz            00000000
1062-313   665803 130000009300ANNE-MARIE BULLEN               NETL1671          082-330123189413Abaz            00000000
1062-692 14743653 130000012400LEONIE FAY BYRNES               NETL1778          082-330123189413Abaz            00000000
1733-262   625391 130000010225KINGSLEY CLIVE ROGERS           NETL1899          082-330123189413Abaz            00000000
1062-334 11063281 130000018000TELESIA TUESE                   NETL1909          082-330123189413Abaz            00000000
1484-799450317187 130000025600MARIA YAP                       NETL1940          082-330123189413Abaz            00000000
1012-356187813246 130000031000DEJAN STREZOVSKI                NETL1950          082-330123189413Abaz            00000000
1062-453 10036143 130000008000MICHELLE MEE                    NETL1954          082-330123189413Abaz            00000000
1732-561   605361 130000012220CHRISTINE HOOPER                NETL1958          082-330123189413Abaz            00000000
1012-010378088454 130000031000RICHARD JAMES WRIGHT            NETL2032          082-330123189413Abaz            00000000
1814-282 30474745 130000006200CHERYL PLUMMER                  NETL2259          082-330123189413Abaz            00000000
1062-619 10115056 130000024800IRETI VALENTINO TAUIA           NETL2274          082-330123189413Abaz            00000000
1062-000 13928808 130000018600VASSILIKI BOURBOUS              NETL2275          082-330123189413Abaz            00000000
1732-003   677600 130000016000LUKE TORY                       NETL2284          082-330123189413Abaz            00000000
1082-330123189413 500000492535Abaz                                              082-330123189413Abaz            00000000
7999-999            000000000000004925350000492535                        000033                                        
