0                 01NAB       MONEY PLUS NETLENDING     440624DIRECT DEBIT070613                                        
1082-282681288344 130000036700JUSTINE MERCER                  NETL674           082-330123189413Abaz            00000000
1633-000139919906 130000030500JASON DOBSON                    NETL715           082-330123189413Abaz            00000000
1083-646585541119 130000003000JASON SANDHAM                   NETL809           082-330123189413Abaz            00000000
1083-646585541119 130000005000JASON SANDHAM                   NETL809           082-330123189413Abaz            00000000
1083-646585541119 130000004150JASON SANDHAM                   NETL809           082-330123189413Abaz            00000000
1083-646585541119 130000005000JASON SANDHAM                   NETL809           082-330123189413Abaz            00000000
1112-879492378578 130000024425SKYE COOPER                     NETL1157          082-330123189413Abaz            00000000
1014-253180522892 130000012220MICHAEL A TESTER                NETL1686          082-330123189413Abaz            00000000
1112-879465430692 130000002000TRENT PEARCE                    NETL1759          082-330123189413Abaz            00000000
1062-070 10307784 130000004000NATHAN NICOLSON                 NETL1835          082-330123189413Abaz            00000000
1062-070 10307784 130000012200NATHAN NICOLSON                 NETL1835          082-330123189413Abaz            00000000
1082-330123189413 500000139195Abaz                                              082-330123189413Abaz            00000000
7999-999            000000000000001391950000139195                        000012                                        
