0                 01NAB       MONEY PLUS NETLENDING     440624DIRECT DEBIT070513                                        
1012-765207444493 130000013950WAYNE STEWART HUGHES            NETL68            082-330123189413Abaz            00000000
1112-879 31794034 130000025710MR ROBERTO ANTONIO BUDA         NETL181           082-330123189413Abaz            00000000
1062-339 10303622 130000025710SINALOA TEAURERE                NETL305           082-330123189413Abaz            00000000
1062-693 12515988 130000010225SELA TUKUAFU                    NETL493           082-330123189413Abaz            00000000
1082-345590680340 130000027150SCOTT WAYNE CHALKER             NETL522           082-330123189413Abaz            00000000
1734-010   530286 130000012220CARMEN TABONE                   NETL641           082-330123189413Abaz            00000000
1082-778163797544 130000027150MICHAEL LONG                    NETL726           082-330123189413Abaz            00000000
1012-280491749031 130000018350DEREK THOMAS WINKLEMAN          NETL831           082-330123189413Abaz            00000000
1112-879155649998 130000005000MARINA KUTIJA                   NETL881           082-330123189413Abaz            00000000
1083-325145528746 130000006100STEVE HARVEY                    NETL934           082-330123189413Abaz            00000000
1083-325145528746 130000004000STEVE HARVEY                    NETL934           082-330123189413Abaz            00000000
1012-006484537751 130000012180STEPHEN POTTER                  NETL1314          082-330123189413Abaz            00000000
1112-879411677315 130000030500KARMA SONAM LAMA                NETL1360          082-330123189413Abaz            00000000
1012-233583757952 130000012220MAXINE BUSSELL                  NETL1384          082-330123189413Abaz            00000000
1063-116 10051014 130000015250CARLY GARD                      NETL1460          082-330123189413Abaz            00000000
1112-879155576493 130000006100EDWARD CONTEH                   NETL1464          082-330123189413Abaz            00000000
1082-133688511916 130000030500MICHELLE ELIZABETH PUFFETT      NETL1606          082-330123189413Abaz            00000000
1732-272   619281 130000018300GRANT PURDAY                    NETL1718          082-330123189413Abaz            00000000
1062-438 10242243 130000030500MATANGINUI KINGI                NETL1730          082-330123189413Abaz            00000000
1083-802144026402 130000009150DARRYL KETCHUP                  NETL1765          082-330123189413Abaz            00000000
1082-330123189413 500000340265Abaz                                              082-330123189413Abaz            00000000
7999-999            000000000000003402650000340265                        000021                                        
