0                 01NAB       MONEY PLUS NETLENDING     440624DIRECT DEBIT080114                                        
1012-209281435472 130000004000ATECA VAI                       NETL1266          082-330123189413Abaz            00000000
1082-330123189413 500000004000Abaz                                              082-330123189413Abaz            00000000
7999-999            000000000000000040000000004000                        000002                                        
