0                 01NAB       MONEY PLUS NETLENDING     440624DIRECT DEBIT080713                                        
1302-961   123026 130000008500ELIAS KHAZEN                    NETL971           082-330123189413Abaz            00000000
1012-556483940813 130000011775GREGORY NUSS                    NETL1325          082-330123189413Abaz            00000000
1012-402379498893 130000024400WELLY MULYADI                   NETL1966          082-330123189413Abaz            00000000
1062-508 10074097 130000015500BRITTANY ONEILL                 NETL2134          082-330123189413Abaz            00000000
1082-330123189413 500000060175Abaz                                              082-330123189413Abaz            00000000
7999-999            000000000000000601750000060175                        000005                                        
