0                 01NAB       MONEY PLUS NETLENDING     440624DIRECT DEBIT080513                                        
1732-833   720030 130000010760LUKE SCHUYLER                   NETL89            082-330123189413Abaz            00000000
1062-597 10488314 130000013950ROY SUEGA                       NETL318           082-330123189413Abaz            00000000
1062-416 10112963 130000005000JULIE AMELIA FOLOMU             NETL484           082-330123189413Abaz            00000000
1062-317 10717581 130000030500VAUGHNA TARAWA                  NETL567           082-330123189413Abaz            00000000
1303-092  4691537 130000018600MICHAEL ZAPANTA-STOCKHAM        NETL818           082-330123189413Abaz            00000000
1944-300  9980873 130000024435SALLY EMERSON                   NETL888           082-330123189413Abaz            00000000
1637-000715333104 130000024435KATHLEEN BLAKENEY               NETL898           082-330123189413Abaz            00000000
1012-468512607463 130000027900VLADIMIR  TROTNAR               NETL970           082-330123189413Abaz            00000000
1082-121159060590 130000024435AQELA NAWAI                     NETL973           082-330123189413Abaz            00000000
1732-076   735162 130000008000ERIC SWANWICK                   NETL1063          082-330123189413Abaz            00000000
1732-067   750301 130000015250ALEXANDER BOZINAKIS             NETL1064          082-330123189413Abaz            00000000
1112-879119980333 130000012220NIKKI LAUDER                    NETL1094          082-330123189413Abaz            00000000
1062-098 10058455 130000027900STEPHEN SUMMERS                 NETL1152          082-330123189413Abaz            00000000
1112-879 66752635 130000027150MANDY EDWARDS                   NETL1156          082-330123189413Abaz            00000000
1012-224254232944 130000005000JABEZ BRYCE                     NETL1200          082-330123189413Abaz            00000000
1012-224254232944 130000011775JABEZ BRYCE                     NETL1200          082-330123189413Abaz            00000000
1063-449 10144969 130000012220JULIE-ANN BUSUTTIL              NETL1219          082-330123189413Abaz            00000000
1063-449 10144969 130000008000JULIE-ANN BUSUTTIL              NETL1219          082-330123189413Abaz            00000000
1193-879438110829 130000013950BRENDAN BOWTELL                 NETL1277          082-330123189413Abaz            00000000
1637-000713479470 130000002000DEBRA BELL                      NETL1327          082-330123189413Abaz            00000000
1032-176   179282 130000001000GREGORY COOK                    NETL1374          082-330123189413Abaz            00000000
1302-968    73871 130000003000MICHAEL CUTRI                   NETL1382          082-330123189413Abaz            00000000
1012-484181669263 130000015250LUKE EGAN                       NETL1400          082-330123189413Abaz            00000000
1062-167 10035307 130000023550SARAH  MALCOLM                  NETL1446          082-330123189413Abaz            00000000
1802-091   898312 130000023550BRIAR KAIT THOMPSON             NETL1509          082-330123189413Abaz            00000000
1012-874282476292 130000009150DIANE BILLINGTON                NETL1536          082-330123189413Abaz            00000000
1112-879 22669936 130000018600DEBRA SMALL                     NETL1584          082-330123189413Abaz            00000000
1732-071   797030 130000013575DIMITRIOS TSIOUMAS              NETL1594          082-330123189413Abaz            00000000
1082-276116647375 130000008500JOHN HERNANDEZ LONDONO          NETL1602          082-330123189413Abaz            00000000
1733-044   780019 130000006100ADRIAN JENKINS                  NETL1653          082-330123189413Abaz            00000000
1733-044   780019 130000004000ADRIAN JENKINS                  NETL1653          082-330123189413Abaz            00000000
1062-313   665803 130000009150ANNE-MARIE BULLEN               NETL1671          082-330123189413Abaz            00000000
1013-805266025213 130000006100NAZARI EZATULLAH                NETL1693          082-330123189413Abaz            00000000
1012-220576773049 130000015250WARREN WILLIAM HALL             NETL1704          082-330123189413Abaz            00000000
1732-075   760294 130000018300HELEN JOSHUA                    NETL1705          082-330123189413Abaz            00000000
1112-879466453095 130000030500MERLY NACU                      NETL1711          082-330123189413Abaz            00000000
1732-020   578049 130000003050LUKE PAVEY                      NETL1732          082-330123189413Abaz            00000000
1062-443 10611852 130000012200MARIA MEJIA                     NETL1744          082-330123189413Abaz            00000000
1085-839859473732 130000061000DARREN ATKINS                   NETL1762          082-330123189413Abaz            00000000
1012-556187406958 130000015250KYM MARIE HASTILOW              NETL1792          082-330123189413Abaz            00000000
1082-330123189413 500000620555Abaz                                              082-330123189413Abaz            00000000
7999-999            000000000000006205550000620555                        000041                                        
