0                 01NAB       MONEY PLUS NETLENDING     440624DIRECT DEBIT090813                                        
1732-250   616100 130000009550MICHAEL P MUNRO                 NETL853           082-330123189413Abaz            00000000
1923-100 31562555 130000002000SCOTT CULLEN                    NETL876           082-330123189413Abaz            00000000
1923-100 30624886 130000010000JUSTIN WRIGHT                   NETL878           082-330123189413Abaz            00000000
1012-224283363505 130000005000KELLIE BROWN                    NETL1093          082-330123189413Abaz            00000000
1014-253180522892 130000016000MICHAEL A TESTER                NETL1686          082-330123189413Abaz            00000000
1923-100 30636675 130000005133MEHREENA NAEEM                  NETL1702          082-330123189413Abaz            00000000
1082-330123189413 500000047683Abaz                                              082-330123189413Abaz            00000000
7999-999            000000000000000476830000047683                        000007                                        
