0                 01NAB       MONEY PLUS NETLENDING     440624DIRECT DEBIT100713                                        
1082-186175978772 130000010000BRADLEY FRANCISCO               NETL37            082-330123189413Abaz            00000000
1082-186175978772 130000014435BRADLEY FRANCISCO               NETL37            082-330123189413Abaz            00000000
1082-186175978772 130000008000BRADLEY FRANCISCO               NETL37            082-330123189413Abaz            00000000
1012-765207444493 130000013950WAYNE STEWART HUGHES            NETL68            082-330123189413Abaz            00000000
1062-199 28023572 130000012235PETER AVNI                      NETL468           082-330123189413Abaz            00000000
1062-416 10112963 130000005000JULIE AMELIA FOLOMU             NETL484           082-330123189413Abaz            00000000
1082-330139349450 130000024435LARA MERRITT                    NETL510           082-330123189413Abaz            00000000
1062-283 10170022 130000020450DIMITRIOS ANATOLITIS            NETL884           082-330123189413Abaz            00000000
1062-692 11936281 130000037200TAMAR BALIAN                    NETL891           082-330123189413Abaz            00000000
1063-184 10247401 130000018300VANESSA PANKHURST               NETL1019          082-330123189413Abaz            00000000
1112-879119980333 130000012220NIKKI LAUDER                    NETL1094          082-330123189413Abaz            00000000
1112-879431536202 130000007000LILYAN MUNA                     NETL1120          082-330123189413Abaz            00000000
1112-879149008545 130000018600SIOBHAN & JACOB CABARRUS        NETL1131          082-330123189413Abaz            00000000
1062-162 10163273 130000009300MICHAEL FOSTER                  NETL1196          082-330123189413Abaz            00000000
1063-236 10246880 130000001000JULIE-ANN BUSUTTIL              NETL1219          082-330123189413Abaz            00000000
1012-209281435472 130000004000ATECA VAI                       NETL1266          082-330123189413Abaz            00000000
1193-879438110829 130000013950BRENDAN BOWTELL                 NETL1277          082-330123189413Abaz            00000000
1032-159   354907 130000012400ELSAD LESHETZ                   NETL1313          082-330123189413Abaz            00000000
1032-176   179282 130000002500GREGORY COOK                    NETL1374          082-330123189413Abaz            00000000
1112-879410785189 130000012200APENISA KERESONI                NETL1518          082-330123189413Abaz            00000000
1032-184   247361 130000020450MAXIMILIANO PICHON              NETL1582          082-330123189413Abaz            00000000
1082-276116647375 130000009300JOHN HERNANDEZ LONDONO          NETL1602          082-330123189413Abaz            00000000
1062-313   665803 130000009150ANNE-MARIE BULLEN               NETL1671          082-330123189413Abaz            00000000
1062-692 14743653 130000006100LEONIE FAY BYRNES               NETL1778          082-330123189413Abaz            00000000
1732-070   753546 130000030500MARITA TORELLO                  NETL1831          082-330123189413Abaz            00000000
1733-262   625391 130000010225KINGSLEY CLIVE ROGERS           NETL1899          082-330123189413Abaz            00000000
1012-408526133297 130000008500TELESIA TUESE                   NETL1909          082-330123189413Abaz            00000000
1484-799450317187 130000030500MARIA YAP                       NETL1940          082-330123189413Abaz            00000000
1112-879128195708 130000023550MADEENA NASSIRY                 NETL1945          082-330123189413Abaz            00000000
1062-453 10036143 130000008500MICHELLE MEE                    NETL1954          082-330123189413Abaz            00000000
1732-561   605361 130000012220CHRISTINE HOOPER                NETL1958          082-330123189413Abaz            00000000
1732-372   598887 130000008500DANIELLE JOHNSTONE              NETL1967          082-330123189413Abaz            00000000
1063-626 10524782 130000024400FELICITY MOORE                  NETL2018          082-330123189413Abaz            00000000
1012-010378088454 130000012200RICHARD JAMES WRIGHT            NETL2032          082-330123189413Abaz            00000000
1112-879457926487 130000009150SUSANA ASOVALE                  NETL2036          082-330123189413Abaz            00000000
1732-069   717556 130000012200AMRINDER SINGH                  NETL2145          082-330123189413Abaz            00000000
1062-714 10061062 130000049600SHAHRUNIZAN MAHAMAD FAZIM       NETL2153          082-330123189413Abaz            00000000
1083-310137439591 130000009300SHPEJTIM MIFTARI                NETL2241          082-330123189413Abaz            00000000
1082-330123189413 500000551520Abaz                                              082-330123189413Abaz            00000000
7999-999            000000000000005515200000551520                        000039                                        
