0                 01NAB       MONEY PLUS NETLENDING     440624DIRECT DEBIT100513                                        
1083-646585541119 130000009150JASON SANDHAM                   NETL809           082-330123189413Abaz            00000000
1082-918140585776 130000015000RENEE DOWNEY                    NETL868           082-330123189413Abaz            00000000
1112-879155649998 130000005000MARINA KUTIJA                   NETL881           082-330123189413Abaz            00000000
1112-879492378578 130000024435SKYE COOPER                     NETL1157          082-330123189413Abaz            00000000
1014-253180522892 130000012220MICHAEL A TESTER                NETL1686          082-330123189413Abaz            00000000
1062-070 10307784 130000012200NATHAN NICOLSON                 NETL1835          082-330123189413Abaz            00000000
1082-330123189413 500000078005Abaz                                              082-330123189413Abaz            00000000
7999-999            000000000000000780050000078005                        000007                                        
