0                 01NAB       MONEY PLUS NETLENDING     440624DIRECT DEBIT110613                                        
1062-339 10303622 130000025710SINALOA TEAURERE                NETL305           082-330123189413Abaz            00000000
1062-693 12515988 130000013575SELA TUKUAFU                    NETL493           082-330123189413Abaz            00000000
1734-010   530286 130000012220CARMEN TABONE                   NETL641           082-330123189413Abaz            00000000
1012-280491749031 130000013575DEREK THOMAS WINKLEMAN          NETL831           082-330123189413Abaz            00000000
1016-080516882761 130000010000ALVIN PRETORIUS                 NETL877           082-330123189413Abaz            00000000
1112-879431449272 130000003900SHANNAN VISANICH                NETL908           082-330123189413Abaz            00000000
1302-961   123026 130000008500ELIAS KHAZEN                    NETL971           082-330123189413Abaz            00000000
1112-879148228001 130000024435JANELLE WILLIS & MARK WILLIS    NETL1009          082-330123189413Abaz            00000000
1062-159 10217135 130000005000RIMA AZIZ                       NETL1065          082-330123189413Abaz            00000000
1012-556483940813 130000011775GREGORY NUSS                    NETL1325          082-330123189413Abaz            00000000
1012-233583757952 130000012220MAXINE BUSSELL                  NETL1384          082-330123189413Abaz            00000000
1112-879456392874 130000027900GUSTAVO LAGE                    NETL1541          082-330123189413Abaz            00000000
1083-802144026402 130000012200DARRYL KETCHUP                  NETL1765          082-330123189413Abaz            00000000
1012-241382686174 130000013460KELLIE MATHEWS                  NETL1858          082-330123189413Abaz            00000000
1732-094   677090 130000015250AARON PROVIS                    NETL1920          082-330123189413Abaz            00000000
1062-692 14830597 130000006100DYLAN JOHNSTONE                 NETL1951          082-330123189413Abaz            00000000
1063-832 10065436 130000015250SUZANNE J SQUIRES               NETL1974          082-330123189413Abaz            00000000
1082-330123189413 500000231070Abaz                                              082-330123189413Abaz            00000000
7999-999            000000000000002310700000231070                        000018                                        
