0                 01NAB       MONEY PLUS NETLENDING     440624DIRECT DEBIT110713                                        
1066-137 10410815 130000018600TAMENE KEDIR EBBA               NETL61            082-330123189413Abaz            00000000
1082-133893200156 130000025710MELE PENIATA                    NETL377           082-330123189413Abaz            00000000
1732-172   886374 130000013950MALIOLIOAO TUESE                NETL435           082-330123189413Abaz            00000000
1062-000 14288873 130000012220CHRISTOPHER FINNERAN            NETL821           082-330123189413Abaz            00000000
1650-000988155108 130000012220ANDREW CHARLES WAYNE            NETL910           082-330123189413Abaz            00000000
1082-343156458050 130000005000ANTOINETTE AWKAR                NETL1038          082-330123189413Abaz            00000000
1082-343156458050 130000012200ANTOINETTE AWKAR                NETL1038          082-330123189413Abaz            00000000
1012-874282476292 130000001500DIANE BILLINGTON                NETL1536          082-330123189413Abaz            00000000
1066-162 10303793 130000005000ANDREW JEFFREY WATSON           NETL1662          082-330123189413Abaz            00000000
1112-879465430692 130000005000TRENT PEARCE                    NETL1759          082-330123189413Abaz            00000000
1012-390197375374 130000024425JENINE MARY CATHERINE MCMAHON   NETL1801          082-330123189413Abaz            00000000
1112-879  2457047 130000016000ELENA DANGELO                   NETL1963          082-330123189413Abaz            00000000
1303-092  4942542 130000013330COLIN DAVID HASTIE              NETL1977          082-330123189413Abaz            00000000
1012-253438510806 130000009150TINA NEPE                       NETL2058          082-330123189413Abaz            00000000
1062-522 10113418 130000018300TODD PAWSEY                     NETL2124          082-330123189413Abaz            00000000
1082-330123189413 500000192605Abaz                                              082-330123189413Abaz            00000000
7999-999            000000000000001926050000192605                        000016                                        
