0                 01NAB       MONEY PLUS NETLENDING     440624DIRECT DEBIT110913                                        
1303-092  4691537 130000020430MICHAEL ZAPANTA-STOCKHAM        NETL818           082-330123189413Abaz            00000000
1082-121159060590 130000027900AQELA NAWAI                     NETL973           082-330123189413Abaz            00000000
1732-076   735162 130000018600ERIC SWANWICK                   NETL1063          082-330123189413Abaz            00000000
1732-076   735162 130000005000ERIC SWANWICK                   NETL1063          082-330123189413Abaz            00000000
1112-879119980333 130000012220NIKKI LAUDER                    NETL1094          082-330123189413Abaz            00000000
1112-879431536202 130000010000LILYAN MUNA                     NETL1120          082-330123189413Abaz            00000000
1062-162 10163273 130000009300MICHAEL FOSTER                  NETL1196          082-330123189413Abaz            00000000
1012-224254232944 130000014400JABEZ BRYCE                     NETL1200          082-330123189413Abaz            00000000
1112-879 22669936 130000027900DEBRA SMALL                     NETL1584          082-330123189413Abaz            00000000
1082-276116647375 130000009300JOHN HERNANDEZ LONDONO          NETL1602          082-330123189413Abaz            00000000
1062-438 10242243 130000032000MATANGINUI KINGI                NETL1730          082-330123189413Abaz            00000000
1062-443 10794927 130000005000VERONICA CASAS                  NETL1942          082-330123189413Abaz            00000000
1062-453 10036143 130000008000MICHELLE MEE                    NETL1954          082-330123189413Abaz            00000000
1732-561   605361 130000012220CHRISTINE HOOPER                NETL1958          082-330123189413Abaz            00000000
1732-003   677600 130000016000LUKE TORY                       NETL2284          082-330123189413Abaz            00000000
1111-111111111111 130000016000DXFDS                           NETL2336          082-330123189413Abaz            00000000
1013-200 10101010 130000002500UMESH BHARVAD                   NETL2339          082-330123189413Abaz            00000000
1013-200 10101010 130000005000UMESH BHARVAD                   NETL2339          082-330123189413Abaz            00000000
1013-200 10101010 130000018600UMESH BHARVAD                   NETL2339          082-330123189413Abaz            00000000
1013-200 10101010 130000002500UMESH BHARVAD                   NETL2339          082-330123189413Abaz            00000000
1013-200 10101010 13000000-333UMESH BHARVAD                   NETL2339          082-330123189413Abaz            00000000
1082-330123189413 500000272537Abaz                                              082-330123189413Abaz            00000000
7999-999            000000000000002725370000272537                        000022                                        
