0                 01NAB       MONEY PLUS NETLENDING     440624DIRECT DEBIT110913                                        
1013-200 10101010 130000004960UMESH BHARVAD                   NETL2339          082-330123189413Abaz            00000000
1082-330123189413 500000004960Abaz                                              082-330123189413Abaz            00000000
7999-999            000000000000000049600000004960                        000002                                        
