0                 01NAB       MONEY PLUS NETLENDING     440624DIRECT DEBIT120713                                        
1814-282 10188669 130000005000PHILLIP OWEN HALES              NETL548           082-330123189413Abaz            00000000
1814-282 10188669 130000005000PHILLIP OWEN HALES              NETL548           082-330123189413Abaz            00000000
1923-100 31562555 130000002000SCOTT CULLEN                    NETL876           082-330123189413Abaz            00000000
1923-100 30624886 130000005000JUSTIN WRIGHT                   NETL878           082-330123189413Abaz            00000000
1193-879493056731 130000074400BRENT LYNCH                     NETL892           082-330123189413Abaz            00000000
1082-799138215864 130000003125WENDY PATTISON                  NETL993           082-330123189413Abaz            00000000
1012-224283363505 130000005000KELLIE BROWN                    NETL1093          082-330123189413Abaz            00000000
1732-278   799957 130000048860BESSIE MALOLO                   NETL1220          082-330123189413Abaz            00000000
1732-278   799957 130000003000BESSIE MALOLO                   NETL1220          082-330123189413Abaz            00000000
1732-278   799957 130000005000BESSIE MALOLO                   NETL1220          082-330123189413Abaz            00000000
1242-200430178608 130000048860RACHEL LINDSAY                  NETL1351          082-330123189413Abaz            00000000
1112-879467262805 130000008000LINDA  HUGHES                   NETL1396          082-330123189413Abaz            00000000
1112-879467262805 130000012220LINDA  HUGHES                   NETL1396          082-330123189413Abaz            00000000
1112-879 67765737 130000036600KRISTY CLARKE                   NETL2056          082-330123189413Abaz            00000000
1732-072   674059 130000048870KARL ZUBER                      NETL2129          082-330123189413Abaz            00000000
1082-330123189413 500000310935Abaz                                              082-330123189413Abaz            00000000
7999-999            000000000000003109350000310935                        000016                                        
