0                 01NAB       MONEY PLUS NETLENDING     440624DIRECT DEBIT120613                                        
1082-186175978772 130000024425BRADLEY FRANCISCO               NETL37            082-330123189413Abaz            00000000
1012-765207444493 130000013950WAYNE STEWART HUGHES            NETL68            082-330123189413Abaz            00000000
1732-278   706693 130000024425MISS FIONA PITCHFORD            NETL146           082-330123189413Abaz            00000000
1062-597 10488314 130000013950ROY SUEGA                       NETL318           082-330123189413Abaz            00000000
1062-199 28023572 130000005000PETER AVNI                      NETL468           082-330123189413Abaz            00000000
1062-199 28023572 130000024435PETER AVNI                      NETL468           082-330123189413Abaz            00000000
1062-416 10112963 130000005000JULIE AMELIA FOLOMU             NETL484           082-330123189413Abaz            00000000
1112-879446703675 130000010000SELUIA PENN                     NETL486           082-330123189413Abaz            00000000
1112-879446703675 130000010000SELUIA PENN                     NETL486           082-330123189413Abaz            00000000
1112-879446703675 130000004435SELUIA PENN                     NETL486           082-330123189413Abaz            00000000
1082-330139349450 130000024425LARA MERRITT                    NETL510           082-330123189413Abaz            00000000
1732-250   616100 130000013950MICHAEL P MUNRO                 NETL853           082-330123189413Abaz            00000000
1062-692 11936281 130000027900TAMAR BALIAN                    NETL891           082-330123189413Abaz            00000000
1063-184 10247401 130000018300VANESSA PANKHURST               NETL1019          082-330123189413Abaz            00000000
1112-879119980333 130000012220NIKKI LAUDER                    NETL1094          082-330123189413Abaz            00000000
1083-832752674825 130000003050SUN CHANDRA                     NETL1116          082-330123189413Abaz            00000000
1062-799 11361625 130000030500SIOBHAN & JACOB CABARRUS        NETL1131          082-330123189413Abaz            00000000
1062-162 10163273 130000009300MICHAEL FOSTER                  NETL1196          082-330123189413Abaz            00000000
1062-560 10094732 130000010225NEVANA SINES                    NETL1198          082-330123189413Abaz            00000000
1012-224254232944 130000011775JABEZ BRYCE                     NETL1200          082-330123189413Abaz            00000000
1012-209281435472 130000004000ATECA VAI                       NETL1266          082-330123189413Abaz            00000000
1193-879438110829 130000013950BRENDAN BOWTELL                 NETL1277          082-330123189413Abaz            00000000
1032-159   354907 130000006100ELSAD LESHETZ                   NETL1313          082-330123189413Abaz            00000000
1032-176   179282 130000002500GREGORY COOK                    NETL1374          082-330123189413Abaz            00000000
1082-146496220137 130000015250ESAFE FEVALEAKI                 NETL1513          082-330123189413Abaz            00000000
1112-879464505496 130000024425PAULINE MILLER                  NETL1544          082-330123189413Abaz            00000000
1032-184   247361 130000018300MAXIMILIANO PICHON              NETL1582          082-330123189413Abaz            00000000
1082-276116647375 130000008500JOHN HERNANDEZ LONDONO          NETL1602          082-330123189413Abaz            00000000
1802-388    47859 130000018300KARENA POTO                     NETL1607          082-330123189413Abaz            00000000
1014-240547183082 130000048870CHRISTOPHER MCCART              NETL1639          082-330123189413Abaz            00000000
1062-313   665803 130000009150ANNE-MARIE BULLEN               NETL1671          082-330123189413Abaz            00000000
1012-220576773049 130000013575WARREN WILLIAM HALL             NETL1704          082-330123189413Abaz            00000000
1732-020   578049 130000003050LUKE PAVEY                      NETL1732          082-330123189413Abaz            00000000
1732-070   753546 130000030500MARITA TORELLO                  NETL1831          082-330123189413Abaz            00000000
1484-799204582187 130000012200NATHAN LESLIE NICOLSON          NETL1835          082-330123189413Abaz            00000000
1062-121 10601821 130000010225LISA GAYE MITROVICH             NETL1883          082-330123189413Abaz            00000000
1733-262   625391 130000009150KINGSLEY CLIVE ROGERS           NETL1899          082-330123189413Abaz            00000000
1012-408526133297 130000008500TELESIA TUESE                   NETL1909          082-330123189413Abaz            00000000
1484-799450317187 130000024400MARIA YAP                       NETL1940          082-330123189413Abaz            00000000
1112-879128195708 130000023550MADEENA NASSIRY                 NETL1945          082-330123189413Abaz            00000000
1062-453 10036143 130000008500MICHELLE MEE                    NETL1954          082-330123189413Abaz            00000000
1732-561   605361 130000015250CHRISTINE HOOPER                NETL1958          082-330123189413Abaz            00000000
1112-879  2457047 130000008500ELENA DANGELO                   NETL1963          082-330123189413Abaz            00000000
1012-402379498893 130000024400WELLY MULYADI                   NETL1966          082-330123189413Abaz            00000000
1732-372   598887 130000008500DANIELLE JOHNSTONE              NETL1967          082-330123189413Abaz            00000000
1082-330123189413 500000666910Abaz                                              082-330123189413Abaz            00000000
7999-999            000000000000006669100000666910                        000046                                        
