0                 01NAB       MONEY PLUS NETLENDING     440624DIRECT DEBIT120913                                        
1642-170   652573 130000024435TRACEY CORNISH                  NETL504           082-330123189413Abaz            00000000
1642-170   652573 130000005000TRACEY CORNISH                  NETL504           082-330123189413Abaz            00000000
1814-282 10188669 130000003000PHILLIP OWEN HALES              NETL548           082-330123189413Abaz            00000000
1803-205 20567944 130000054550DAVID JOHN HUMPHRY              NETL574           082-330123189413Abaz            00000000
1732-273   687868 130000027275ERONI TAGICAKITAI               NETL792           082-330123189413Abaz            00000000
1062-000 14288873 130000012220CHRISTOPHER FINNERAN            NETL821           082-330123189413Abaz            00000000
1012-787491706306 130000027900MR PHILLIP MCARDLE              NETL848           082-330123189413Abaz            00000000
1650-000987994903 130000025500ANDREW CHARLES WAYNE            NETL910           082-330123189413Abaz            00000000
1732-080   646461 130000016000WON JUN CHOE                    NETL1932          082-330123189413Abaz            00000000
1112-879475163831 130000011200DAWN SANELE                     NETL2269          082-330123189413Abaz            00000000
1704-865    52478 130000027900ROSARIO LAWANG                  NETL2327          082-330123189413Abaz            00000000
1013-200 10101010 130000003100UMESH BHARVAD                   NETL2339          082-330123189413Abaz            00000000
1082-330123189413 500000238080Abaz                                              082-330123189413Abaz            00000000
7999-999            000000000000002380800000238080                        000013                                        
