0                 01NAB       MONEY PLUS NETLENDING     440624DIRECT DEBIT130613                                        
1066-137 10410815 130000018600TAMENE KEDIR EBBA               NETL61            082-330123189413Abaz            00000000
1112-879103207717 130000012220R P ANDREWS                     NETL365           082-330123189413Abaz            00000000
1082-133893200156 130000025710MELE PENIATA                    NETL377           082-330123189413Abaz            00000000
1732-172   886374 130000013950MALIOLIOAO TUESE                NETL435           082-330123189413Abaz            00000000
1062-000 14288873 130000012220CHRISTOPHER FINNERAN            NETL821           082-330123189413Abaz            00000000
1112-879 56831874 130000012180WILLIAM R POURAU                NETL822           082-330123189413Abaz            00000000
1193-879493056731 130000074400BRENT LYNCH                     NETL892           082-330123189413Abaz            00000000
1650-000987994903 130000012220ANDREW CHARLES WAYNE            NETL910           082-330123189413Abaz            00000000
1082-343156458050 130000012200ANTOINETTE AWKAR                NETL1038          082-330123189413Abaz            00000000
1063-449 10144969 130000005055JULIE-ANN BUSUTTIL              NETL1219          082-330123189413Abaz            00000000
1732-278   799957 130000048860BESSIE MALOLO                   NETL1220          082-330123189413Abaz            00000000
1062-136 10336336 130000018350NADIA HALPIN                    NETL1478          082-330123189413Abaz            00000000
1012-874282476292 130000001500DIANE BILLINGTON                NETL1536          082-330123189413Abaz            00000000
1066-162 10303793 130000005000ANDREW JEFFREY WATSON           NETL1662          082-330123189413Abaz            00000000
1012-390197375374 130000024435JENINE MARY CATHERINE MCMAHON   NETL1801          082-330123189413Abaz            00000000
1012-140904296916 130000009150RICHARD FRAZIER                 NETL1823          082-330123189413Abaz            00000000
1732-080   646461 130000009150WON JUN CHOE                    NETL1932          082-330123189413Abaz            00000000
1062-736 10172604 130000018300NATASHA SKORIC                  NETL1946          082-330123189413Abaz            00000000
1805-050 61323585 130000006100JAMES WHEELER(OLIVIA WHEELER)   NETL1964          082-330123189413Abaz            00000000
1082-330123189413 500000339600Abaz                                              082-330123189413Abaz            00000000
7999-999            000000000000003396000000339600                        000020                                        
