0                 01NAB       MONEY PLUS NETLENDING     440624DIRECT DEBIT130513                                        
1122-740 21765184 130000006100NATHAN MCVEY                    NETL951           082-330123189413Abaz            00000000
1122-740 21765184 130000004000NATHAN MCVEY                    NETL951           082-330123189413Abaz            00000000
1302-961   123026 130000006100ELIAS KHAZEN                    NETL971           082-330123189413Abaz            00000000
1062-121 10741920 130000008000SAMEER MEHRA                    NETL1012          082-330123189413Abaz            00000000
1062-121 10741920 130000048870SAMEER MEHRA                    NETL1012          082-330123189413Abaz            00000000
1732-278   799957 130000048870BESSIE MALOLO                   NETL1220          082-330123189413Abaz            00000000
1012-556483940813 130000010225GREGORY NUSS                    NETL1325          082-330123189413Abaz            00000000
1013-720255943078 130000011775SAMUEL DAVIS & DEBRA HANCOCK    NETL1553          082-330123189413Abaz            00000000
1082-330123189413 500000143940Abaz                                              082-330123189413Abaz            00000000
7999-999            000000000000001439400000143940                        000009                                        
