0                 01NAB       MONEY PLUS NETLENDING     440624DIRECT DEBIT140613                                        
1062-339 10544768 130000047100MR JULIUS OBUNGEN               NETL75            082-330123189413Abaz            00000000
1112-879 31794034 130000013950MR ROBERTO ANTONIO BUDA         NETL181           082-330123189413Abaz            00000000
1732-062   725764 130000024460JENNY SHRESTHA                  NETL274           082-330123189413Abaz            00000000
1112-879473705772 130000093000CATHERINE MANATON               NETL315           082-330123189413Abaz            00000000
1082-741656638293 130000055800ANNETTE CELAR                   NETL454           082-330123189413Abaz            00000000
1814-282 10188669 130000005000PHILLIP OWEN HALES              NETL548           082-330123189413Abaz            00000000
1083-054139180480 130000085600ELIZABETH JOANNE GRANT          NETL603           082-330123189413Abaz            00000000
1923-100 31050625 130000097800KRISTIE MUNRO                   NETL609           082-330123189413Abaz            00000000
1014-309279192264 130000048870MILAN RADOVANOVIC               NETL733           082-330123189413Abaz            00000000
1112-879457941610 130000005000RINDA KHARDILA                  NETL837           082-330123189413Abaz            00000000
1112-879457941610 130000015000RINDA KHARDILA                  NETL837           082-330123189413Abaz            00000000
1923-100 31562555 130000002000SCOTT CULLEN                    NETL876           082-330123189413Abaz            00000000
1923-100 30624886 130000005120JUSTIN WRIGHT                   NETL878           082-330123189413Abaz            00000000
1112-879124951393 130000048860LINDA SABA                      NETL912           082-330123189413Abaz            00000000
1082-799138215864 130000003125WENDY PATTISON                  NETL993           082-330123189413Abaz            00000000
1062-424 10388927 130000048870DIANA VELLA & DAVID CHARLES VELLNETL1083          082-330123189413Abaz            00000000
1012-224283363505 130000005000KELLIE BROWN                    NETL1093          082-330123189413Abaz            00000000
1637-000713479470 130000006367DEBRA BELL                      NETL1327          082-330123189413Abaz            00000000
1732-045   525242 130000054300KEIRA ELLA-GOLLAN               NETL1331          082-330123189413Abaz            00000000
1242-200430178608 130000048870RACHEL LINDSAY                  NETL1351          082-330123189413Abaz            00000000
1112-879165658513 130000037200MITSUKO PROVIS                  NETL1368          082-330123189413Abaz            00000000
1112-879467262805 130000012220LINDA  HUGHES                   NETL1396          082-330123189413Abaz            00000000
1112-879467262805 130000012220LINDA  HUGHES                   NETL1396          082-330123189413Abaz            00000000
1112-879467262805 130000003000LINDA  HUGHES                   NETL1396          082-330123189413Abaz            00000000
1014-240547183082 130000048870CHRISTOPHER MCCART              NETL1639          082-330123189413Abaz            00000000
1014-253180522892 130000012220MICHAEL A TESTER                NETL1686          082-330123189413Abaz            00000000
1923-100 30636675 130000008000MEHREENA NAEEM                  NETL1702          082-330123189413Abaz            00000000
1923-100 30636675 130000024400MEHREENA NAEEM                  NETL1702          082-330123189413Abaz            00000000
1012-263580383983 130000073400BENJAMIN PASCOE                 NETL1794          082-330123189413Abaz            00000000
1062-000 13204017 130000048870JACO BOTHA                      NETL1821          082-330123189413Abaz            00000000
1067-104 10163669 130000054300JUSTIN L. DONATO                NETL1828          082-330123189413Abaz            00000000
1242-200470804667 130000034000JOHN CORTEZ                     NETL1941          082-330123189413Abaz            00000000
1062-185 10592861 130000036600LEESA TIMO                      NETL1975          082-330123189413Abaz            00000000
1082-330123189413 500001119392Abaz                                              082-330123189413Abaz            00000000
7999-999            000000000000011193920001119392                        000034                                        
