0                 01NAB       MONEY PLUS NETLENDING     440624DIRECT DEBIT140513                                        
1012-765207444493 130000013950WAYNE STEWART HUGHES            NETL68            082-330123189413Abaz            00000000
1062-339 10544768 130000005000MR JULIUS OBUNGEN               NETL75            082-330123189413Abaz            00000000
1732-075   608698 130000048800MYLENE PARANIHI                 NETL155           082-330123189413Abaz            00000000
1732-075   608698 130000008000MYLENE PARANIHI                 NETL155           082-330123189413Abaz            00000000
1112-879 31794034 130000025670MR ROBERTO ANTONIO BUDA         NETL181           082-330123189413Abaz            00000000
1732-062   725764 130000024460JENNY SHRESTHA                  NETL274           082-330123189413Abaz            00000000
1062-339 10303622 130000025710SINALOA TEAURERE                NETL305           082-330123189413Abaz            00000000
1082-133594791611 130000024400MAXINE DORAN                    NETL547           082-330123189413Abaz            00000000
1734-010   530286 130000012220CARMEN TABONE                   NETL641           082-330123189413Abaz            00000000
1014-309279192264 130000008000MILAN RADOVANOVIC               NETL733           082-330123189413Abaz            00000000
1014-309279192264 130000048870MILAN RADOVANOVIC               NETL733           082-330123189413Abaz            00000000
1012-280491749031 130000018350DEREK THOMAS WINKLEMAN          NETL831           082-330123189413Abaz            00000000
1016-080516882761 130000010000ALVIN PRETORIUS                 NETL877           082-330123189413Abaz            00000000
1732-059   549210 130000003000KYLIE DICKIN                    NETL927           082-330123189413Abaz            00000000
1732-059   549210 130000048870KYLIE DICKIN                    NETL927           082-330123189413Abaz            00000000
1083-325145528746 130000006100STEVE HARVEY                    NETL934           082-330123189413Abaz            00000000
1083-325145528746 130000004000STEVE HARVEY                    NETL934           082-330123189413Abaz            00000000
1650-000504636918 130000048860SITINA UATA                     NETL937           082-330123189413Abaz            00000000
1112-879148228001 130000024435JANELLE WILLIS & MARK WILLIS    NETL1009          082-330123189413Abaz            00000000
1732-045   525242 130000048800KEIRA ELLA-GOLLAN               NETL1331          082-330123189413Abaz            00000000
1012-233583757952 130000012220MAXINE BUSSELL                  NETL1384          082-330123189413Abaz            00000000
1063-116 10051014 130000015250CARLY GARD                      NETL1460          082-330123189413Abaz            00000000
1112-879155576493 130000006100EDWARD CONTEH                   NETL1464          082-330123189413Abaz            00000000
1014-640574861635 130000023550JACQUELINE TOMARRA              NETL1484          082-330123189413Abaz            00000000
1112-879456392874 130000027900GUSTAVO LAGE                    NETL1541          082-330123189413Abaz            00000000
1014-240547183082 130000048870CHRISTOPHER MCCART              NETL1639          082-330123189413Abaz            00000000
1083-802144026402 130000009150DARRYL KETCHUP                  NETL1765          082-330123189413Abaz            00000000
1063-541 10754784 130000003050LEANNE EDWARDS                  NETL1832          082-330123189413Abaz            00000000
1082-330123189413 500000603585Abaz                                              082-330123189413Abaz            00000000
7999-999            000000000000006035850000603585                        000029                                        
