0                 01NAB       MONEY PLUS NETLENDING     440624DIRECT DEBIT150713                                        
1083-310545776271 130000006575KIRSTY ROWAN                    NETL31            082-330123189413Abaz            00000000
1112-879473705772 130000093000CATHERINE MANATON               NETL315           082-330123189413Abaz            00000000
1082-741656638293 130000055800ANNETTE CELAR                   NETL454           082-330123189413Abaz            00000000
1062-010 28028153 130000025000AUSTIN W T LAM                  NETL466           082-330123189413Abaz            00000000
1083-054139180480 130000085600ELIZABETH JOANNE GRANT          NETL603           082-330123189413Abaz            00000000
1083-054139180480 130000008000ELIZABETH JOANNE GRANT          NETL603           082-330123189413Abaz            00000000
1923-100 31050625 130000097800KRISTIE MUNRO                   NETL609           082-330123189413Abaz            00000000
1303-092  4671840 130000015000LEE HUNTER PEOPLES              NETL644           082-330123189413Abaz            00000000
1014-309279192264 130000048870MILAN RADOVANOVIC               NETL733           082-330123189413Abaz            00000000
1112-879124951393 130000048870LINDA SABA                      NETL912           082-330123189413Abaz            00000000
1112-879124951393 130000008000LINDA SABA                      NETL912           082-330123189413Abaz            00000000
1302-961   123026 130000008500ELIAS KHAZEN                    NETL971           082-330123189413Abaz            00000000
1062-121 10741920 130000048870SAMEER MEHRA                    NETL1012          082-330123189413Abaz            00000000
1062-424 10388927 130000048870DIANA VELLA & DAVID CHARLES VELLNETL1083          082-330123189413Abaz            00000000
1012-556483940813 130000011775GREGORY NUSS                    NETL1325          082-330123189413Abaz            00000000
1732-045   525242 130000054300KEIRA ELLA-GOLLAN               NETL1331          082-330123189413Abaz            00000000
1112-879165658513 130000037200MITSUKO PROVIS                  NETL1368          082-330123189413Abaz            00000000
1014-240547183082 130000048860CHRISTOPHER MCCART              NETL1639          082-330123189413Abaz            00000000
1012-263580383983 130000097800BENJAMIN PASCOE                 NETL1794          082-330123189413Abaz            00000000
1062-000 13204017 130000048860JACO BOTHA                      NETL1821          082-330123189413Abaz            00000000
1067-104 10163669 130000054300JUSTIN L. DONATO                NETL1828          082-330123189413Abaz            00000000
1242-200470804667 130000034000JOHN CORTEZ                     NETL1941          082-330123189413Abaz            00000000
1062-223 11059206 130000048870MR TIMOTHY D HENARE             NETL2020          082-330123189413Abaz            00000000
1062-508 10074097 130000015500BRITTANY ONEILL                 NETL2134          082-330123189413Abaz            00000000
1082-330123189413 500001050220Abaz                                              082-330123189413Abaz            00000000
7999-999            000000000000010502200001050220                        000025                                        
