0                 01NAB       MONEY PLUS NETLENDING     440624DIRECT DEBIT150513                                        
1082-186175978772 130000024435BRADLEY FRANCISCO               NETL37            082-330123189413Abaz            00000000
1732-833   720030 130000005000LUKE SCHUYLER                   NETL89            082-330123189413Abaz            00000000
1732-278   706693 130000024435MISS FIONA PITCHFORD            NETL146           082-330123189413Abaz            00000000
1802-084    75469 130000008000KATE RATUMAIYALE                NETL295           082-330123189413Abaz            00000000
1802-084    75469 130000055800KATE RATUMAIYALE                NETL295           082-330123189413Abaz            00000000
1062-597 10488314 130000013950ROY SUEGA                       NETL318           082-330123189413Abaz            00000000
1082-741656638293 130000048860ANNETTE CELAR                   NETL454           082-330123189413Abaz            00000000
1062-010 28028153 130000025000AUSTIN W T LAM                  NETL466           082-330123189413Abaz            00000000
1062-199 28023572 130000024435PETER AVNI                      NETL468           082-330123189413Abaz            00000000
1062-416 10112963 130000005000JULIE AMELIA FOLOMU             NETL484           082-330123189413Abaz            00000000
1112-879446703675 130000024425SELUIA PENN                     NETL486           082-330123189413Abaz            00000000
1082-330139349450 130000024435LARA MERRITT                    NETL510           082-330123189413Abaz            00000000
1083-054139180480 130000085600ELIZABETH JOANNE GRANT          NETL603           082-330123189413Abaz            00000000
1923-100 31050625 130000097800KRISTIE MUNRO                   NETL609           082-330123189413Abaz            00000000
1012-321268329966 130000020000LEE PEOPLES                     NETL644           082-330123189413Abaz            00000000
1012-321268329966 130000010000LEE PEOPLES                     NETL644           082-330123189413Abaz            00000000
1012-321268329966 130000004200LEE PEOPLES                     NETL644           082-330123189413Abaz            00000000
1012-321268329966 130000005000LEE PEOPLES                     NETL644           082-330123189413Abaz            00000000
1012-321268329966 130000010000LEE PEOPLES                     NETL644           082-330123189413Abaz            00000000
1012-321268329966 130000008000LEE PEOPLES                     NETL644           082-330123189413Abaz            00000000
1012-321268329966 130000005000LEE PEOPLES                     NETL644           082-330123189413Abaz            00000000
1012-321268329966 130000005000LEE PEOPLES                     NETL644           082-330123189413Abaz            00000000
1923-100 30624886 130000004800JUSTIN WRIGHT                   NETL878           082-330123189413Abaz            00000000
1062-692 11936281 130000027900TAMAR BALIAN                    NETL891           082-330123189413Abaz            00000000
1193-879493056731 130000005000BRENT LYNCH                     NETL892           082-330123189413Abaz            00000000
1193-879493056731 130000074400BRENT LYNCH                     NETL892           082-330123189413Abaz            00000000
1112-879124951393 130000048870LINDA SABA                      NETL912           082-330123189413Abaz            00000000
1732-067   750301 130000015250ALEXANDER BOZINAKIS             NETL1064          082-330123189413Abaz            00000000
1062-424 10388927 130000048860DIANA VELLA & DAVID CHARLES VELLNETL1083          082-330123189413Abaz            00000000
1112-879119980333 130000012220NIKKI LAUDER                    NETL1094          082-330123189413Abaz            00000000
1082-338141442208 130000010000LILYAN MUNA                     NETL1120          082-330123189413Abaz            00000000
1062-799 11361625 130000030500SIOBHAN & JACOB CABARRUS        NETL1131          082-330123189413Abaz            00000000
1012-224254232944 130000011775JABEZ BRYCE                     NETL1200          082-330123189413Abaz            00000000
1193-879438110829 130000013950BRENDAN BOWTELL                 NETL1277          082-330123189413Abaz            00000000
1062-189 10211730 130000030500SANIKO AKANGAROI                NETL1319          082-330123189413Abaz            00000000
1062-191 10606675 130000017000LOSENA NAWAQAVOU                NETL1321          082-330123189413Abaz            00000000
1637-000713479470 130000002000DEBRA BELL                      NETL1327          082-330123189413Abaz            00000000
1242-200430178608 130000048870RACHEL LINDSAY                  NETL1351          082-330123189413Abaz            00000000
1112-879165658513 130000037200MITSUKO PROVIS                  NETL1368          082-330123189413Abaz            00000000
1032-176   179282 130000001000GREGORY COOK                    NETL1374          082-330123189413Abaz            00000000
1302-968    73871 130000003000MICHAEL CUTRI                   NETL1382          082-330123189413Abaz            00000000
1082-494116177342 130000008335MELANIE DUNN                    NETL1387          082-330123189413Abaz            00000000
1012-484181669263 130000015250LUKE EGAN                       NETL1400          082-330123189413Abaz            00000000
1923-100 30732074 130000061000CLAIRE EEKMAN                   NETL1410          082-330123189413Abaz            00000000
1062-517 10119619 130000030500ALANA LOUISE NIEBOZYSNKI        NETL1439          082-330123189413Abaz            00000000
1062-517 10119619 130000008000ALANA LOUISE NIEBOZYSNKI        NETL1439          082-330123189413Abaz            00000000
1012-874282476292 130000009150DIANE BILLINGTON                NETL1536          082-330123189413Abaz            00000000
1112-879421564251 130000048870FELIX WILSON                    NETL1542          082-330123189413Abaz            00000000
1112-879464505496 130000024435PAULINE MILLER                  NETL1544          082-330123189413Abaz            00000000
1732-270   533177 130000061000JOANNE M SLADE                  NETL1550          082-330123189413Abaz            00000000
1732-071   797030 130000013575DIMITRIOS TSIOUMAS              NETL1594          082-330123189413Abaz            00000000
1082-276116647375 130000008500JOHN HERNANDEZ LONDONO          NETL1602          082-330123189413Abaz            00000000
1802-388    47859 130000023550KARENA POTO                     NETL1607          082-330123189413Abaz            00000000
1733-044   780019 130000001500ADRIAN JENKINS                  NETL1653          082-330123189413Abaz            00000000
1733-044   780019 130000006100ADRIAN JENKINS                  NETL1653          082-330123189413Abaz            00000000
1733-044   780019 130000002500ADRIAN JENKINS                  NETL1653          082-330123189413Abaz            00000000
1062-313   665803 130000009150ANNE-MARIE BULLEN               NETL1671          082-330123189413Abaz            00000000
1732-718   502804 130000009150LEEANNE JEAN WRIGHT             NETL1674          082-330123189413Abaz            00000000
1012-220576773049 130000013575WARREN WILLIAM HALL             NETL1704          082-330123189413Abaz            00000000
1062-443 10611852 130000012200MARIA MEJIA                     NETL1744          082-330123189413Abaz            00000000
1062-692 14743653 130000018300LEONIE FAY BYRNES               NETL1778          082-330123189413Abaz            00000000
1012-556187406958 130000015250KYM MARIE HASTILOW              NETL1792          082-330123189413Abaz            00000000
1012-263580383983 130000061000BENJAMIN PASCOE                 NETL1794          082-330123189413Abaz            00000000
1062-000 13204017 130000048870JACO BOTHA                      NETL1821          082-330123189413Abaz            00000000
1067-104 10163669 130000036600JUSTIN L. DONATO                NETL1828          082-330123189413Abaz            00000000
1062-121 10601821 130000010225LISA GAYE MITROVICH             NETL1883          082-330123189413Abaz            00000000
1082-330123189413 500001534055Abaz                                              082-330123189413Abaz            00000000
7999-999            000000000000015340550001534055                        000067                                        
