0                 01NAB       MONEY PLUS NETLENDING     440624DIRECT DEBIT160713                                        
1112-879 31794034 130000013950MR ROBERTO ANTONIO BUDA         NETL181           082-330123189413Abaz            00000000
1062-619 10082047 130000012220KARL DAVIS                      NETL239           082-330123189413Abaz            00000000
1062-339 10303622 130000025710SINALOA TEAURERE                NETL305           082-330123189413Abaz            00000000
1062-693 12515988 130000013575SELA TUKUAFU                    NETL493           082-330123189413Abaz            00000000
1082-345590680340 130000026600SCOTT WAYNE CHALKER             NETL522           082-330123189413Abaz            00000000
1734-010   530286 130000012800CARMEN TABONE                   NETL641           082-330123189413Abaz            00000000
1082-778163797544 130000027150MICHAEL LONG                    NETL726           082-330123189413Abaz            00000000
1082-778163797544 130000005000MICHAEL LONG                    NETL726           082-330123189413Abaz            00000000
1012-280491749031 130000013575DEREK THOMAS WINKLEMAN          NETL831           082-330123189413Abaz            00000000
1012-233583757952 130000016000MAXINE BUSSELL                  NETL1384          082-330123189413Abaz            00000000
1063-116 10051014 130000015250CARLY GARD                      NETL1460          082-330123189413Abaz            00000000
1083-802144026402 130000011200DARRYL KETCHUP                  NETL1765          082-330123189413Abaz            00000000
1012-241382686174 130000011200KELLIE MATHEWS                  NETL1858          082-330123189413Abaz            00000000
1112-879483550049 130000024435RATU TAWAKELEVU                 NETL1900          082-330123189413Abaz            00000000
1012-347251172819 130000013330SIONE ENIKETI KAUFISI           NETL2015          082-330123189413Abaz            00000000
1062-169 10213665 130000064000ATILLA SEZEN                    NETL2155          082-330123189413Abaz            00000000
1484-799 31846450 130000024800PAULINE M PICKERING             NETL2245          082-330123189413Abaz            00000000
1082-330123189413 500000330795Abaz                                              082-330123189413Abaz            00000000
7999-999            000000000000003307950000330795                        000018                                        
