0                 01NAB       MONEY PLUS NETLENDING     440624DIRECT DEBIT160513                                        
1066-137 10410815 130000008000TAMENE KEDIR EBBA               NETL61            082-330123189413Abaz            00000000
1066-137 10410815 130000018600TAMENE KEDIR EBBA               NETL61            082-330123189413Abaz            00000000
1112-879431093683 130000008000ROSE PAMILAR                    NETL138           082-330123189413Abaz            00000000
1112-879431093683 130000024435ROSE PAMILAR                    NETL138           082-330123189413Abaz            00000000
1112-879103207717 130000012220R P ANDREWS                     NETL365           082-330123189413Abaz            00000000
1082-133893200156 130000025710MELE PENIATA                    NETL377           082-330123189413Abaz            00000000
1732-172   886374 130000013950MALIOLIOAO TUESE                NETL435           082-330123189413Abaz            00000000
1732-090   860963 130000055800JOHN BURDEN                     NETL523           082-330123189413Abaz            00000000
1302-961   154021 130000013000BELINDA GAY LINDSTROM           NETL527           082-330123189413Abaz            00000000
1732-051   643333 130000010000DANIEL WILKEN                   NETL802           082-330123189413Abaz            00000000
1062-000 14288873 130000012220CHRISTOPHER FINNERAN            NETL821           082-330123189413Abaz            00000000
1112-879 56831874 130000012220WILLIAM R POURAU                NETL822           082-330123189413Abaz            00000000
1012-559281712652 130000024425DANE DREYER                     NETL846           082-330123189413Abaz            00000000
1012-559281712652 130000008000DANE DREYER                     NETL846           082-330123189413Abaz            00000000
1012-429249766976 130000017000CRAIG CALLERY                   NETL865           082-330123189413Abaz            00000000
1650-000987994903 130000012220ANDREW CHARLES WAYNE            NETL910           082-330123189413Abaz            00000000
1082-052113805358 130000004000CHRISTELLE CUBIZOLLES           NETL992           082-330123189413Abaz            00000000
1082-052113805358 130000030500CHRISTELLE CUBIZOLLES           NETL992           082-330123189413Abaz            00000000
1082-343156458050 130000012200ANTOINETTE AWKAR                NETL1038          082-330123189413Abaz            00000000
1732-324   552593 130000012220LINDA  HUGHES                   NETL1396          082-330123189413Abaz            00000000
1062-136 10336336 130000015250NADIA HALPIN                    NETL1478          082-330123189413Abaz            00000000
1923-100 30800046 130000027150DRAGICA TRIVUNCEVIC             NETL1599          082-330123189413Abaz            00000000
1302-960    97291 130000030500MELISSA CASTLE                  NETL1633          082-330123189413Abaz            00000000
1012-390197375374 130000024435JENINE MARY CATHERINE MCMAHON   NETL1801          082-330123189413Abaz            00000000
1012-140904296916 130000006100RICHARD FRAZIER                 NETL1823          082-330123189413Abaz            00000000
1734-243   598978 130000012200MICHELLE ANNE HOGAN             NETL1893          082-330123189413Abaz            00000000
1082-330123189413 500000450355Abaz                                              082-330123189413Abaz            00000000
7999-999            000000000000004503550000450355                        000027                                        
