0                 01NAB       MONEY PLUS NETLENDING     440624DIRECT DEBIT170713                                        
1082-186175978772 130000014435BRADLEY FRANCISCO               NETL37            082-330123189413Abaz            00000000
1082-186175978772 130000008000BRADLEY FRANCISCO               NETL37            082-330123189413Abaz            00000000
1082-186175978772 130000010000BRADLEY FRANCISCO               NETL37            082-330123189413Abaz            00000000
1012-765207444493 130000013950WAYNE STEWART HUGHES            NETL68            082-330123189413Abaz            00000000
1062-416 10112963 130000005000JULIE AMELIA FOLOMU             NETL484           082-330123189413Abaz            00000000
1732-051   643333 130000047100DANIEL WILKEN                   NETL802           082-330123189413Abaz            00000000
1303-092  4691537 130000018600MICHAEL ZAPANTA-STOCKHAM        NETL818           082-330123189413Abaz            00000000
1112-879155649998 130000018200MARINA KUTIJA                   NETL881           082-330123189413Abaz            00000000
1637-000715333104 130000017000KATHLEEN BLAKENEY               NETL898           082-330123189413Abaz            00000000
1082-121159060590 130000024425AQELA NAWAI                     NETL973           082-330123189413Abaz            00000000
1082-052113805358 130000054300CHRISTELLE CUBIZOLLES           NETL992           082-330123189413Abaz            00000000
1732-076   735162 130000007767ERIC SWANWICK                   NETL1063          082-330123189413Abaz            00000000
1112-879119980333 130000012220NIKKI LAUDER                    NETL1094          082-330123189413Abaz            00000000
1112-879431536202 130000007000LILYAN MUNA                     NETL1120          082-330123189413Abaz            00000000
1062-098 10058455 130000027900STEPHEN SUMMERS                 NETL1152          082-330123189413Abaz            00000000
1062-948 10458597 130000020450GARY KIRCHEN                    NETL1155          082-330123189413Abaz            00000000
1112-879 66752635 130000029320MANDY EDWARDS                   NETL1156          082-330123189413Abaz            00000000
1062-162 10163273 130000009300MICHAEL FOSTER                  NETL1196          082-330123189413Abaz            00000000
1063-236 10246880 130000001000JULIE-ANN BUSUTTIL              NETL1219          082-330123189413Abaz            00000000
1193-879438110829 130000013950BRENDAN BOWTELL                 NETL1277          082-330123189413Abaz            00000000
1032-176   179282 130000002500GREGORY COOK                    NETL1374          082-330123189413Abaz            00000000
1062-167 10035307 130000023550SARAH  MALCOLM                  NETL1446          082-330123189413Abaz            00000000
1802-091   898312 130000023550BRIAR KAIT THOMPSON             NETL1509          082-330123189413Abaz            00000000
1112-879410785189 130000012200APENISA KERESONI                NETL1518          082-330123189413Abaz            00000000
1112-879 22669936 130000018600DEBRA SMALL                     NETL1584          082-330123189413Abaz            00000000
1082-276116647375 130000009300JOHN HERNANDEZ LONDONO          NETL1602          082-330123189413Abaz            00000000
1062-313   665803 130000009150ANNE-MARIE BULLEN               NETL1671          082-330123189413Abaz            00000000
1732-075   760294 130000029320HELEN JOSHUA                    NETL1705          082-330123189413Abaz            00000000
1112-879466453095 130000022400MERLY NACU                      NETL1711          082-330123189413Abaz            00000000
1062-438 10242243 130000030500MATANGINUI KINGI                NETL1730          082-330123189413Abaz            00000000
1733-262   625391 130000010225KINGSLEY CLIVE ROGERS           NETL1899          082-330123189413Abaz            00000000
1062-334 11063281 130000003000TELESIA TUESE                   NETL1909          082-330123189413Abaz            00000000
1062-334 11063281 130000005000TELESIA TUESE                   NETL1909          082-330123189413Abaz            00000000
1062-334 11063281 130000008500TELESIA TUESE                   NETL1909          082-330123189413Abaz            00000000
1062-322 10336410 130000023550MELISSA POTTS                   NETL1948          082-330123189413Abaz            00000000
1062-453 10036143 130000008500MICHELLE MEE                    NETL1954          082-330123189413Abaz            00000000
1732-561   605361 130000012220CHRISTINE HOOPER                NETL1958          082-330123189413Abaz            00000000
1732-372   598887 130000008500DANIELLE JOHNSTONE              NETL1967          082-330123189413Abaz            00000000
1062-171 10282245 130000024800JOSEPH S BENOSA                 NETL2012          082-330123189413Abaz            00000000
1732-069   717556 130000012200AMRINDER SINGH                  NETL2145          082-330123189413Abaz            00000000
1083-310137439591 130000009300SHPEJTIM MIFTARI                NETL2241          082-330123189413Abaz            00000000
1814-282 30474745 130000006200CHERYL PLUMMER                  NETL2259          082-330123189413Abaz            00000000
1062-334 10303247 130000025600ARATAKI WILLIAMS                NETL2263          082-330123189413Abaz            00000000
1082-330123189413 500000698582Abaz                                              082-330123189413Abaz            00000000
7999-999            000000000000006985820000698582                        000044                                        
