0                 01NAB       MONEY PLUS NETLENDING     440624DIRECT DEBIT170613                                        
1062-010 28028153 130000025000AUSTIN W T LAM                  NETL466           082-330123189413Abaz            00000000
1732-090   860963 130000018600JOHN BURDEN                     NETL523           082-330123189413Abaz            00000000
1732-051   643333 130000020000DANIEL WILKEN                   NETL802           082-330123189413Abaz            00000000
1733-396   645195 130000024400MS ALEXANDRA MILLSOM            NETL899           082-330123189413Abaz            00000000
1302-961   123026 130000008500ELIAS KHAZEN                    NETL971           082-330123189413Abaz            00000000
1082-052113805358 130000054300CHRISTELLE CUBIZOLLES           NETL992           082-330123189413Abaz            00000000
1062-159 10217135 130000005000RIMA AZIZ                       NETL1065          082-330123189413Abaz            00000000
1062-159 10217135 130000005000RIMA AZIZ                       NETL1065          082-330123189413Abaz            00000000
1012-556483940813 130000011775GREGORY NUSS                    NETL1325          082-330123189413Abaz            00000000
1923-100 30732074 130000054300CLAIRE EEKMAN                   NETL1410          082-330123189413Abaz            00000000
1112-879437338282 130000048870FELIX WILSON                    NETL1542          082-330123189413Abaz            00000000
1732-094   677090 130000015250AARON PROVIS                    NETL1920          082-330123189413Abaz            00000000
1064-178 10392193 130000036600OLIVER KLUGE                    NETL2011          082-330123189413Abaz            00000000
1082-330123189413 500000327595Abaz                                              082-330123189413Abaz            00000000
7999-999            000000000000003275950000327595                        000014                                        
