0                 01NAB       MONEY PLUS NETLENDING     440624DIRECT DEBIT180713                                        
1082-133893200156 130000025710MELE PENIATA                    NETL377           082-330123189413Abaz            00000000
1062-334 11063281 130000013950MALIOLIOAO TUESE                NETL435           082-330123189413Abaz            00000000
1642-170   652573 130000024435TRACEY CORNISH                  NETL504           082-330123189413Abaz            00000000
1944-300 13216481 130000024425MEGAN KELLY                     NETL549           082-330123189413Abaz            00000000
1803-205 20567944 130000046500DAVID JOHN HUMPHRY              NETL574           082-330123189413Abaz            00000000
1803-205 20567944 130000005000DAVID JOHN HUMPHRY              NETL574           082-330123189413Abaz            00000000
1082-282681288344 130000037200JUSTINE MERCER                  NETL674           082-330123189413Abaz            00000000
1633-000126318880 130000018000JAYDEN BETTERIDGE               NETL760           082-330123189413Abaz            00000000
1633-000126318880 130000005000JAYDEN BETTERIDGE               NETL760           082-330123189413Abaz            00000000
1062-000 14288873 130000012220CHRISTOPHER FINNERAN            NETL821           082-330123189413Abaz            00000000
1012-787491706306 130000027900MR PHILLIP MCARDLE              NETL848           082-330123189413Abaz            00000000
1923-100 30624886 130000005000JUSTIN WRIGHT                   NETL878           082-330123189413Abaz            00000000
1650-000987994903 130000025000ANDREW CHARLES WAYNE            NETL910           082-330123189413Abaz            00000000
1303-092  4907011 130000073400PAUL DOWN                       NETL931           082-330123189413Abaz            00000000
1082-494171292247 130000024435SCOTT NELSON                    NETL1124          082-330123189413Abaz            00000000
1082-406197490209 130000017000KAMINI SINGH                    NETL1161          082-330123189413Abaz            00000000
1062-692 16329448 130000048870HELEN CHAPMAN                   NETL1192          082-330123189413Abaz            00000000
1012-347263742815 130000027260LOVELY SANGALANG                NETL1447          082-330123189413Abaz            00000000
1012-874282476292 130000001650DIANE BILLINGTON                NETL1536          082-330123189413Abaz            00000000
1082-048942778764 130000022720DYLAN MORGAN                    NETL1540          082-330123189413Abaz            00000000
1732-020   578049 130000003050LUKE PAVEY                      NETL1732          082-330123189413Abaz            00000000
1732-020   578049 130000003050LUKE PAVEY                      NETL1732          082-330123189413Abaz            00000000
1012-140904296916 130000012400RICHARD FRAZIER                 NETL1823          082-330123189413Abaz            00000000
1814-282 10169328 130000097800MR FERLIN A JAYESURIA           NETL1829          082-330123189413Abaz            00000000
1732-080   646461 130000015500WON JUN CHOE                    NETL1932          082-330123189413Abaz            00000000
1112-879  2457047 130000016000ELENA DANGELO                   NETL1963          082-330123189413Abaz            00000000
1303-092  4942542 130000013330COLIN DAVID HASTIE              NETL1977          082-330123189413Abaz            00000000
1064-178 10392193 130000061000OLIVER KLUGE                    NETL2011          082-330123189413Abaz            00000000
1012-253438510806 130000009150TINA NEPE                       NETL2058          082-330123189413Abaz            00000000
1082-330123189413 500000716955Abaz                                              082-330123189413Abaz            00000000
7999-999            000000000000007169550000716955                        000030                                        
