0                 01NAB       MONEY PLUS NETLENDING     440624DIRECT DEBIT180613                                        
1112-879 31794034 130000013950MR ROBERTO ANTONIO BUDA         NETL181           082-330123189413Abaz            00000000
1062-339 10303622 130000025710SINALOA TEAURERE                NETL305           082-330123189413Abaz            00000000
1083-125826324793 130000010000JESSICA PERKINS                 NETL465           082-330123189413Abaz            00000000
1062-693 12515988 130000013575SELA TUKUAFU                    NETL493           082-330123189413Abaz            00000000
1732-718   550494 130000012220TROY COLEMAN                    NETL641           082-330123189413Abaz            00000000
1082-778163797544 130000027150MICHAEL LONG                    NETL726           082-330123189413Abaz            00000000
1012-280491749031 130000013575DEREK THOMAS WINKLEMAN          NETL831           082-330123189413Abaz            00000000
1112-879155649998 130000005000MARINA KUTIJA                   NETL881           082-330123189413Abaz            00000000
1303-092  4907011 130000073400PAUL DOWN                       NETL931           082-330123189413Abaz            00000000
1633-000117690768 130000005000KIRSTIE REAPER                  NETL1082          082-330123189413Abaz            00000000
1633-000117690768 130000008800KIRSTIE REAPER                  NETL1082          082-330123189413Abaz            00000000
1633-000117690768 130000005000KIRSTIE REAPER                  NETL1082          082-330123189413Abaz            00000000
1633-000117690768 130000010000KIRSTIE REAPER                  NETL1082          082-330123189413Abaz            00000000
1633-000117690768 130000005000KIRSTIE REAPER                  NETL1082          082-330123189413Abaz            00000000
1062-692 16329448 130000048870HELEN CHAPMAN                   NETL1192          082-330123189413Abaz            00000000
1082-799128910740 130000005000DAYNE COOMB                     NETL1214          082-330123189413Abaz            00000000
1062-714 10057901 130000006367TASSA PUNSEE                    NETL1339          082-330123189413Abaz            00000000
1012-233583757952 130000012220MAXINE BUSSELL                  NETL1384          082-330123189413Abaz            00000000
1732-020   578049 130000003050LUKE PAVEY                      NETL1732          082-330123189413Abaz            00000000
1112-879431529951 130000011150CHRISTOPHER WATKINS             NETL1764          082-330123189413Abaz            00000000
1083-802144026402 130000012200DARRYL KETCHUP                  NETL1765          082-330123189413Abaz            00000000
1012-241382686174 130000013460KELLIE MATHEWS                  NETL1858          082-330123189413Abaz            00000000
1112-879483550049 130000024435RATU TAWAKELEVU                 NETL1900          082-330123189413Abaz            00000000
1062-692 14830597 130000006100DYLAN JOHNSTONE                 NETL1951          082-330123189413Abaz            00000000
1063-832 10065436 130000015250SUZANNE J SQUIRES               NETL1974          082-330123189413Abaz            00000000
1012-347251172819 130000013330SIONE ENIKETI KAUFISI           NETL2015          082-330123189413Abaz            00000000
1082-330123189413 500000399812Abaz                                              082-330123189413Abaz            00000000
7999-999            000000000000003998120000399812                        000027                                        
