0                 01NAB       MONEY PLUS NETLENDING     440624DIRECT DEBIT190613                                        
1012-765207444493 130000013950WAYNE STEWART HUGHES            NETL68            082-330123189413Abaz            00000000
1062-597 10488314 130000013950ROY SUEGA                       NETL318           082-330123189413Abaz            00000000
1733-338   689026 130000005000AYLA AKINCI                     NETL475           082-330123189413Abaz            00000000
1733-338   689026 130000005000AYLA AKINCI                     NETL475           082-330123189413Abaz            00000000
1062-416 10112963 130000005000JULIE AMELIA FOLOMU             NETL484           082-330123189413Abaz            00000000
1062-317 10717581 130000023550VAUGHNA TARAWA                  NETL567           082-330123189413Abaz            00000000
1303-092  4691537 130000018600MICHAEL ZAPANTA-STOCKHAM        NETL818           082-330123189413Abaz            00000000
1732-250   616100 130000013950MICHAEL P MUNRO                 NETL853           082-330123189413Abaz            00000000
1082-121159060590 130000024435AQELA NAWAI                     NETL973           082-330123189413Abaz            00000000
1732-076   735162 130000018300ERIC SWANWICK                   NETL1063          082-330123189413Abaz            00000000
1112-879119980333 130000012220NIKKI LAUDER                    NETL1094          082-330123189413Abaz            00000000
1083-832752674825 130000003050SUN CHANDRA                     NETL1116          082-330123189413Abaz            00000000
1062-098 10058455 130000027900STEPHEN SUMMERS                 NETL1152          082-330123189413Abaz            00000000
1062-948 10458597 130000020450GARY KIRCHEN                    NETL1155          082-330123189413Abaz            00000000
1062-162 10163273 130000009300MICHAEL FOSTER                  NETL1196          082-330123189413Abaz            00000000
1062-560 10094732 130000010225NEVANA SINES                    NETL1198          082-330123189413Abaz            00000000
1012-224254232944 130000011775JABEZ BRYCE                     NETL1200          082-330123189413Abaz            00000000
1193-879438110829 130000013950BRENDAN BOWTELL                 NETL1277          082-330123189413Abaz            00000000
1032-176   179282 130000002500GREGORY COOK                    NETL1374          082-330123189413Abaz            00000000
1062-167 10035307 130000023550SARAH  MALCOLM                  NETL1446          082-330123189413Abaz            00000000
1802-091   898312 130000023550BRIAR KAIT THOMPSON             NETL1509          082-330123189413Abaz            00000000
1112-879 22669936 130000018600DEBRA SMALL                     NETL1584          082-330123189413Abaz            00000000
1082-276116647375 130000008500JOHN HERNANDEZ LONDONO          NETL1602          082-330123189413Abaz            00000000
1012-220576773049 130000013575WARREN WILLIAM HALL             NETL1704          082-330123189413Abaz            00000000
1732-075   760294 130000029320HELEN JOSHUA                    NETL1705          082-330123189413Abaz            00000000
1112-879466453095 130000023550MERLY NACU                      NETL1711          082-330123189413Abaz            00000000
1062-438 10242243 130000030500MATANGINUI KINGI                NETL1730          082-330123189413Abaz            00000000
1062-121 10601821 130000010225LISA GAYE MITROVICH             NETL1883          082-330123189413Abaz            00000000
1012-408526133297 130000008500TELESIA TUESE                   NETL1909          082-330123189413Abaz            00000000
1062-322 10336410 130000030500MELISSA POTTS                   NETL1948          082-330123189413Abaz            00000000
1062-453 10036143 130000008500MICHELLE MEE                    NETL1954          082-330123189413Abaz            00000000
1732-561   605361 130000015250CHRISTINE HOOPER                NETL1958          082-330123189413Abaz            00000000
1112-879  2457047 130000008500ELENA DANGELO                   NETL1963          082-330123189413Abaz            00000000
1732-372   598887 130000008500DANIELLE JOHNSTONE              NETL1967          082-330123189413Abaz            00000000
1732-273   533260 130000048900SEEPA VAITULIA SAMUELU          NETL1996          082-330123189413Abaz            00000000
1062-171 10282245 130000012200JOSEPH S BENOSA                 NETL2012          082-330123189413Abaz            00000000
1082-330123189413 500000575325Abaz                                              082-330123189413Abaz            00000000
7999-999            000000000000005753250000575325                        000037                                        
