0                 01NAB       MONEY PLUS NETLENDING     440624DIRECT DEBIT190613                                        
1112-879431536202 130000010000LILYAN MUNA                     NETL1120          082-330123189413Abaz            00000000
1082-330123189413 500000010000Abaz                                              082-330123189413Abaz            00000000
7999-999            000000000000000100000000010000                        000002                                        
