0                 01NAB       MONEY PLUS NETLENDING     440624DIRECT DEBIT190613                                        
1082-338141442208 130000008000LILYAN MUNA                     NETL1120          082-330123189413Abaz            00000000
1082-330123189413 500000008000Abaz                                              082-330123189413Abaz            00000000
7999-999            000000000000000080000000008000                        000002                                        
