0                 01NAB       MONEY PLUS NETLENDING     440624DIRECT DEBIT190713                                        
1923-100 31562555 130000002000SCOTT CULLEN                    NETL876           082-330123189413Abaz            00000000
1112-879492378578 130000027900SKYE COOPER                     NETL1157          082-330123189413Abaz            00000000
1083-832118897845 130000030000DIGVIJAY PARMAR                 NETL1371          082-330123189413Abaz            00000000
1082-330123189413 500000059900Abaz                                              082-330123189413Abaz            00000000
7999-999            000000000000000599000000059900                        000004                                        
