0                 01NAB       MONEY PLUS NETLENDING     440624DIRECT DEBIT200613                                        
1112-879103207717 130000012220R P ANDREWS                     NETL365           082-330123189413Abaz            00000000
1082-133893200156 130000025710MELE PENIATA                    NETL377           082-330123189413Abaz            00000000
1732-172   886374 130000013950MALIOLIOAO TUESE                NETL435           082-330123189413Abaz            00000000
1642-170   652573 130000024435TRACEY CORNISH                  NETL504           082-330123189413Abaz            00000000
1944-300 13216481 130000024435MEGAN KELLY                     NETL549           082-330123189413Abaz            00000000
1803-205 20567944 130000046500DAVID JOHN HUMPHRY              NETL574           082-330123189413Abaz            00000000
1082-282681288344 130000036700JUSTINE MERCER                  NETL674           082-330123189413Abaz            00000000
1633-000126318880 130000014400JAYDEN BETTERIDGE               NETL760           082-330123189413Abaz            00000000
1083-646585541119 130000003150JASON SANDHAM                   NETL809           082-330123189413Abaz            00000000
1083-646585541119 130000002000JASON SANDHAM                   NETL809           082-330123189413Abaz            00000000
1083-646585541119 130000004000JASON SANDHAM                   NETL809           082-330123189413Abaz            00000000
1062-000 14288873 130000012220CHRISTOPHER FINNERAN            NETL821           082-330123189413Abaz            00000000
1082-918140585776 130000010000RENEE DOWNEY                    NETL868           082-330123189413Abaz            00000000
1082-918140585776 130000003000RENEE DOWNEY                    NETL868           082-330123189413Abaz            00000000
1637-000715333104 130000024425KATHLEEN BLAKENEY               NETL898           082-330123189413Abaz            00000000
1637-000715333104 130000008000KATHLEEN BLAKENEY               NETL898           082-330123189413Abaz            00000000
1650-000987994903 130000012220ANDREW CHARLES WAYNE            NETL910           082-330123189413Abaz            00000000
1082-343156458050 130000012200ANTOINETTE AWKAR                NETL1038          082-330123189413Abaz            00000000
1082-494171292247 130000024435SCOTT NELSON                    NETL1124          082-330123189413Abaz            00000000
1112-879467262805 130000012220LINDA  HUGHES                   NETL1396          082-330123189413Abaz            00000000
1012-347263742815 130000027270LOVELY SANGALANG                NETL1447          082-330123189413Abaz            00000000
1062-136 10336336 130000018350NADIA HALPIN                    NETL1478          082-330123189413Abaz            00000000
1012-874282476292 130000001500DIANE BILLINGTON                NETL1536          082-330123189413Abaz            00000000
1082-048942778764 130000022720DYLAN MORGAN                    NETL1540          082-330123189413Abaz            00000000
1016-765587554837 130000074400PHILIP HEMSLEY                  NETL1643          082-330123189413Abaz            00000000
1112-879465430692 130000002000TRENT PEARCE                    NETL1759          082-330123189413Abaz            00000000
1802-396396070277 130000017000CRAIG JULIAN MEINTJES           NETL1802          082-330123189413Abaz            00000000
1012-140904296916 130000009150RICHARD FRAZIER                 NETL1823          082-330123189413Abaz            00000000
1064-114 10209313 130000024435JAYDEN RAJASEKAR                NETL1902          082-330123189413Abaz            00000000
1732-080   646461 130000009150WON JUN CHOE                    NETL1932          082-330123189413Abaz            00000000
1062-443 10794927 130000024435VERONICA CASAS                  NETL1942          082-330123189413Abaz            00000000
1805-050 61323585 130000006100JAMES WHEELER(OLIVIA WHEELER)   NETL1964          082-330123189413Abaz            00000000
1303-092  4942542 130000013330COLIN DAVID HASTIE              NETL1977          082-330123189413Abaz            00000000
1659-000   108385 130000048900CAROLE HODDER                   NETL1999          082-330123189413Abaz            00000000
1082-330123189413 500000624960Abaz                                              082-330123189413Abaz            00000000
7999-999            000000000000006249600000624960                        000035                                        
