0                 01NAB       MONEY PLUS NETLENDING     440624DIRECT DEBIT200513                                        
1302-961   123026 130000006100ELIAS KHAZEN                    NETL971           082-330123189413Abaz            00000000
1112-879429707931 130000008000SIAN MARIE KIBBLER              NETL1072          082-330123189413Abaz            00000000
1112-879429707931 130000024400SIAN MARIE KIBBLER              NETL1072          082-330123189413Abaz            00000000
1062-692 16329448 130000048870HELEN CHAPMAN                   NETL1192          082-330123189413Abaz            00000000
1012-556483940813 130000010225GREGORY NUSS                    NETL1325          082-330123189413Abaz            00000000
1013-720255943078 130000011775SAMUEL DAVIS & DEBRA HANCOCK    NETL1553          082-330123189413Abaz            00000000
1016-765587554837 130000074400PHILIP HEMSLEY                  NETL1643          082-330123189413Abaz            00000000
1082-330123189413 500000183770Abaz                                              082-330123189413Abaz            00000000
7999-999            000000000000001837700000183770                        000008                                        
