0                 01NAB       MONEY PLUS NETLENDING     440624DIRECT DEBIT210613                                        
1923-100 31562555 130000002000SCOTT CULLEN                    NETL876           082-330123189413Abaz            00000000
1062-597 10759831 130000097800MICHAEL AND KRISTY EDWARDS      NETL1068          082-330123189413Abaz            00000000
1014-253180522892 130000012220MICHAEL A TESTER                NETL1686          082-330123189413Abaz            00000000
1063-147 10627774 130000048800CLAUDIA RIZZA                   NETL1968          082-330123189413Abaz            00000000
1082-330123189413 500000160820Abaz                                              082-330123189413Abaz            00000000
7999-999            000000000000001608200000160820                        000005                                        
