0                 01NAB       MONEY PLUS NETLENDING     440624DIRECT DEBIT210513                                        
1112-879 31794034 130000013950MR ROBERTO ANTONIO BUDA         NETL181           082-330123189413Abaz            00000000
1062-339 10303622 130000025710SINALOA TEAURERE                NETL305           082-330123189413Abaz            00000000
1082-345590680340 130000027150SCOTT WAYNE CHALKER             NETL522           082-330123189413Abaz            00000000
1734-010   530286 130000012220CARMEN TABONE                   NETL641           082-330123189413Abaz            00000000
1082-778163797544 130000027150MICHAEL LONG                    NETL726           082-330123189413Abaz            00000000
1012-280491749031 130000013575DEREK THOMAS WINKLEMAN          NETL831           082-330123189413Abaz            00000000
1112-879155649998 130000005000MARINA KUTIJA                   NETL881           082-330123189413Abaz            00000000
1083-325145528746 130000001833STEVE HARVEY                    NETL934           082-330123189413Abaz            00000000
1112-879492805832 130000006400KRISTEN PHILLIPS                NETL939           082-330123189413Abaz            00000000
1062-597 10759831 130000061000MICHAEL AND KRISTY EDWARDS      NETL1068          082-330123189413Abaz            00000000
1112-879411677315 130000030500KARMA SONAM LAMA                NETL1360          082-330123189413Abaz            00000000
1012-233583757952 130000012220MAXINE BUSSELL                  NETL1384          082-330123189413Abaz            00000000
1063-116 10051014 130000015250CARLY GARD                      NETL1460          082-330123189413Abaz            00000000
1112-879155576493 130000006100EDWARD CONTEH                   NETL1464          082-330123189413Abaz            00000000
1062-438 10242243 130000030500MATANGINUI KINGI                NETL1730          082-330123189413Abaz            00000000
1112-879431529951 130000011150CHRISTOPHER WATKINS             NETL1764          082-330123189413Abaz            00000000
1083-802144026402 130000012200DARRYL KETCHUP                  NETL1765          082-330123189413Abaz            00000000
1063-541 10754784 130000003050LEANNE EDWARDS                  NETL1832          082-330123189413Abaz            00000000
1923-100 30304037 130000012200ANDREW STRAUGHAIR               NETL1847          082-330123189413Abaz            00000000
1012-241382686174 130000013460KELLIE MATHEWS                  NETL1858          082-330123189413Abaz            00000000
1112-879483550049 130000024435RATU TAWAKELEVU                 NETL1900          082-330123189413Abaz            00000000
1062-235   699660 130000018300MR ROBERT GORDON                NETL1912          082-330123189413Abaz            00000000
1082-330123189413 500000383353Abaz                                              082-330123189413Abaz            00000000
7999-999            000000000000003833530000383353                        000023                                        
