0                 01NAB       MONEY PLUS NETLENDING     440624DIRECT DEBIT220713                                        
1016-765587554837 130000074400PHILIP HEMSLEY                  NETL1643          082-330123189413Abaz            00000000
1082-330123189413 500000074400Abaz                                              082-330123189413Abaz            00000000
7999-999            000000000000000744000000074400                        000002                                        
