0                 01NAB       MONEY PLUS NETLENDING     440624DIRECT DEBIT220713                                        
1732-051   643333 130000004517DANIEL WILKEN                   NETL802           082-330123189413Abaz            00000000
1302-961   123026 130000009600ELIAS KHAZEN                    NETL971           082-330123189413Abaz            00000000
1062-597 10759831 130000144400MICHAEL AND KRISTY EDWARDS      NETL1068          082-330123189413Abaz            00000000
1012-556483940813 130000011775GREGORY NUSS                    NETL1325          082-330123189413Abaz            00000000
1012-402379498893 130000024400WELLY MULYADI                   NETL1966          082-330123189413Abaz            00000000
1062-508 10074097 130000015500BRITTANY ONEILL                 NETL2134          082-330123189413Abaz            00000000
1082-330123189413 500000210192Abaz                                              082-330123189413Abaz            00000000
7999-999            000000000000002101920000210192                        000007                                        
