0                 01NAB       MONEY PLUS NETLENDING     440624DIRECT DEBIT220513                                        
1012-765207444493 130000013950WAYNE STEWART HUGHES            NETL68            082-330123189413Abaz            00000000
1732-833   720030 130000005000LUKE SCHUYLER                   NETL89            082-330123189413Abaz            00000000
1062-597 10488314 130000013950ROY SUEGA                       NETL318           082-330123189413Abaz            00000000
1062-416 10112963 130000005000JULIE AMELIA FOLOMU             NETL484           082-330123189413Abaz            00000000
1062-317 10717581 130000023550VAUGHNA TARAWA                  NETL567           082-330123189413Abaz            00000000
1633-000126318880 130000024400JAYDEN BETTERIDGE               NETL760           082-330123189413Abaz            00000000
1303-092  4691537 130000018600MICHAEL ZAPANTA-STOCKHAM        NETL818           082-330123189413Abaz            00000000
1732-250   616100 130000013950MICHAEL P MUNRO                 NETL853           082-330123189413Abaz            00000000
1944-300  9980873 130000024425SALLY EMERSON                   NETL888           082-330123189413Abaz            00000000
1637-000715333104 130000024425KATHLEEN BLAKENEY               NETL898           082-330123189413Abaz            00000000
1122-740 21765184 130000004000NATHAN MCVEY                    NETL951           082-330123189413Abaz            00000000
1122-740 21765184 130000006100NATHAN MCVEY                    NETL951           082-330123189413Abaz            00000000
1012-468512607463 130000027900VLADIMIR  TROTNAR               NETL970           082-330123189413Abaz            00000000
1082-121159060590 130000024435AQELA NAWAI                     NETL973           082-330123189413Abaz            00000000
1732-076   735162 130000018300ERIC SWANWICK                   NETL1063          082-330123189413Abaz            00000000
1112-879119980333 130000012220NIKKI LAUDER                    NETL1094          082-330123189413Abaz            00000000
1062-098 10058455 130000027900STEPHEN SUMMERS                 NETL1152          082-330123189413Abaz            00000000
1112-879 66752635 130000027150MANDY EDWARDS                   NETL1156          082-330123189413Abaz            00000000
1062-560 10094732 130000010225NEVANA SINES                    NETL1198          082-330123189413Abaz            00000000
1012-224254232944 130000011775JABEZ BRYCE                     NETL1200          082-330123189413Abaz            00000000
1193-879438110829 130000013950BRENDAN BOWTELL                 NETL1277          082-330123189413Abaz            00000000
1637-000713479470 130000012220DEBRA BELL                      NETL1327          082-330123189413Abaz            00000000
1032-176   179282 130000001000GREGORY COOK                    NETL1374          082-330123189413Abaz            00000000
1012-209262728245 130000003067JAMIE WIEGOLD                   NETL1385          082-330123189413Abaz            00000000
1012-484181669263 130000015250LUKE EGAN                       NETL1400          082-330123189413Abaz            00000000
1062-167 10035307 130000023550SARAH  MALCOLM                  NETL1446          082-330123189413Abaz            00000000
1802-091   898312 130000024400BRIAR KAIT THOMPSON             NETL1509          082-330123189413Abaz            00000000
1082-146496220137 130000015250ESAFE FEVALEAKI                 NETL1513          082-330123189413Abaz            00000000
1012-874282476292 130000009150DIANE BILLINGTON                NETL1536          082-330123189413Abaz            00000000
1112-879 22669936 130000018600DEBRA SMALL                     NETL1584          082-330123189413Abaz            00000000
1732-071   797030 130000013575DIMITRIOS TSIOUMAS              NETL1594          082-330123189413Abaz            00000000
1082-276116647375 130000008500JOHN HERNANDEZ LONDONO          NETL1602          082-330123189413Abaz            00000000
1062-313   665803 130000009150ANNE-MARIE BULLEN               NETL1671          082-330123189413Abaz            00000000
1732-718   502804 130000009150LEEANNE JEAN WRIGHT             NETL1674          082-330123189413Abaz            00000000
1012-220576773049 130000013575WARREN WILLIAM HALL             NETL1704          082-330123189413Abaz            00000000
1732-075   760294 130000030500HELEN JOSHUA                    NETL1705          082-330123189413Abaz            00000000
1112-879466453095 130000023550MERLY NACU                      NETL1711          082-330123189413Abaz            00000000
1012-556187406958 130000015250KYM MARIE HASTILOW              NETL1792          082-330123189413Abaz            00000000
1062-121 10601821 130000010225LISA GAYE MITROVICH             NETL1883          082-330123189413Abaz            00000000
1733-262   625391 130000009150KINGSLEY CLIVE ROGERS           NETL1899          082-330123189413Abaz            00000000
1012-408526133297 130000008500TELESIA TUESE                   NETL1909          082-330123189413Abaz            00000000
1082-330123189413 500000624817Abaz                                              082-330123189413Abaz            00000000
7999-999            000000000000006248170000624817                        000042                                        
