0                 01NAB       MONEY PLUS NETLENDING     440624DIRECT DEBIT220513                                        
1732-833   720030 130000005000LUKE SCHUYLER                   NETL89            082-330123189413Abaz            00000000
1082-330123189413 500000005000Abaz                                              082-330123189413Abaz            00000000
7999-999            000000000000000050000000005000                        000002                                        
