0                 01NAB       MONEY PLUS NETLENDING     440624DIRECT DEBIT230713                                        
1083-310545776271 130000006575KIRSTY ROWAN                    NETL31            082-330123189413Abaz            00000000
1083-310545776271 130000006575KIRSTY ROWAN                    NETL31            082-330123189413Abaz            00000000
1112-879 31794034 130000013950MR ROBERTO ANTONIO BUDA         NETL181           082-330123189413Abaz            00000000
1062-619 10082047 130000012220KARL DAVIS                      NETL239           082-330123189413Abaz            00000000
1062-339 10303622 130000025710SINALOA TEAURERE                NETL305           082-330123189413Abaz            00000000
1062-693 12515988 130000013575SELA TUKUAFU                    NETL493           082-330123189413Abaz            00000000
1082-133594791611 130000019200MAXINE DORAN                    NETL547           082-330123189413Abaz            00000000
1734-010   530286 130000012800CARMEN TABONE                   NETL641           082-330123189413Abaz            00000000
1012-280491749031 130000013575DEREK THOMAS WINKLEMAN          NETL831           082-330123189413Abaz            00000000
1012-233583757952 130000016000MAXINE BUSSELL                  NETL1384          082-330123189413Abaz            00000000
1063-116 10051014 130000015500CARLY GARD                      NETL1460          082-330123189413Abaz            00000000
1083-802144026402 130000011200DARRYL KETCHUP                  NETL1765          082-330123189413Abaz            00000000
1805-050 61323585 130000009300JAMES WHEELER(OLIVIA WHEELER)   NETL1964          082-330123189413Abaz            00000000
1012-347251172819 130000013330SIONE ENIKETI KAUFISI           NETL2015          082-330123189413Abaz            00000000
1082-330123189413 500000189510Abaz                                              082-330123189413Abaz            00000000
7999-999            000000000000001895100000189510                        000015                                        
