0                 01NAB       MONEY PLUS NETLENDING     440624DIRECT DEBIT230513                                        
1083-451181681430 130000009100KIRSTY ROWAN                    NETL31            082-330123189413Abaz            00000000
1112-879107642100 130000054550KEVIN EDWARDS KEARNS            NETL281           082-330123189413Abaz            00000000
1112-879103207717 130000012220R P ANDREWS                     NETL365           082-330123189413Abaz            00000000
1082-133893200156 130000025710MELE PENIATA                    NETL377           082-330123189413Abaz            00000000
1732-172   886374 130000013950MALIOLIOAO TUESE                NETL435           082-330123189413Abaz            00000000
1642-170   652573 130000005000TRACEY CORNISH                  NETL504           082-330123189413Abaz            00000000
1642-170   652573 130000024435TRACEY CORNISH                  NETL504           082-330123189413Abaz            00000000
1944-300 13216481 130000024435MEGAN KELLY                     NETL549           082-330123189413Abaz            00000000
1803-205 20567944 130000046500DAVID JOHN HUMPHRY              NETL574           082-330123189413Abaz            00000000
1062-000 14288873 130000012220CHRISTOPHER FINNERAN            NETL821           082-330123189413Abaz            00000000
1112-879 56831874 130000012220WILLIAM R POURAU                NETL822           082-330123189413Abaz            00000000
1012-787491706306 130000024425MR PHILLIP MCARDLE              NETL848           082-330123189413Abaz            00000000
1650-000987994903 130000012220ANDREW CHARLES WAYNE            NETL910           082-330123189413Abaz            00000000
1082-343156458050 130000012200ANTOINETTE AWKAR                NETL1038          082-330123189413Abaz            00000000
1082-494171292247 130000024435SCOTT NELSON                    NETL1124          082-330123189413Abaz            00000000
1732-324   552593 130000012220LINDA  HUGHES                   NETL1396          082-330123189413Abaz            00000000
1012-347263742815 130000030500LOVELY SANGALANG                NETL1447          082-330123189413Abaz            00000000
1062-136 10336336 130000015250NADIA HALPIN                    NETL1478          082-330123189413Abaz            00000000
1803-205  3878964 130000008000DYLAN MORGAN                    NETL1540          082-330123189413Abaz            00000000
1803-205  3878964 130000017000DYLAN MORGAN                    NETL1540          082-330123189413Abaz            00000000
1062-709 10047502 130000030500KIERAN WALKER                   NETL1755          082-330123189413Abaz            00000000
1016-363282255887 130000018300CHRISTINE SHELLEY               NETL1790          082-330123189413Abaz            00000000
1802-396396070277 130000017000CRAIG JULIAN MEINTJES           NETL1802          082-330123189413Abaz            00000000
1012-140904296916 130000006100RICHARD FRAZIER                 NETL1823          082-330123189413Abaz            00000000
1064-114 10209313 130000018300JAYDEN RAJASEKAR                NETL1902          082-330123189413Abaz            00000000
1082-330123189413 500000486790Abaz                                              082-330123189413Abaz            00000000
7999-999            000000000000004867900000486790                        000026                                        
