0                 01NAB       MONEY PLUS NETLENDING     440624DIRECT DEBIT240413                                        
1732-833   720030 130000010760LUKE SCHUYLER                   NETL89            082-330123189413Abaz            00000000
1704-189    41119 130000012200DEAN HAWKINS                    NETL176           082-330123189413Abaz            00000000
1062-597 10488314 130000013950ROY SUEGA                       NETL318           082-330123189413Abaz            00000000
1013-479187378301 130000002000JESSICA PERKINS                 NETL465           082-330123189413Abaz            00000000
1013-479187378301 130000002000JESSICA PERKINS                 NETL465           082-330123189413Abaz            00000000
1013-479187378301 130000002000JESSICA PERKINS                 NETL465           082-330123189413Abaz            00000000
1733-338   689026 130000005000AYLA AKINCI                     NETL475           082-330123189413Abaz            00000000
1062-416 10112963 130000005000JULIE AMELIA FOLOMU             NETL484           082-330123189413Abaz            00000000
1062-317 10717581 130000030500VAUGHNA TARAWA                  NETL567           082-330123189413Abaz            00000000
1303-092  4691537 130000018600MICHAEL ZAPANTA-STOCKHAM        NETL818           082-330123189413Abaz            00000000
1944-300  9980873 130000024435SALLY EMERSON                   NETL888           082-330123189413Abaz            00000000
1637-000715333104 130000024435KATHLEEN BLAKENEY               NETL898           082-330123189413Abaz            00000000
1083-325145528746 130000004000STEVE HARVEY                    NETL934           082-330123189413Abaz            00000000
1083-325145528746 130000006100STEVE HARVEY                    NETL934           082-330123189413Abaz            00000000
1112-879492805832 130000005000KRISTEN PHILLIPS                NETL939           082-330123189413Abaz            00000000
1122-740 21765184 130000006100NATHAN MCVEY                    NETL951           082-330123189413Abaz            00000000
1122-740 21765184 130000004000NATHAN MCVEY                    NETL951           082-330123189413Abaz            00000000
1732-340   502721 130000005000ERIC SWANWICK                   NETL1063          082-330123189413Abaz            00000000
1732-340   502721 130000018300ERIC SWANWICK                   NETL1063          082-330123189413Abaz            00000000
1732-067   750301 130000015250ALEXANDER BOZINAKIS             NETL1064          082-330123189413Abaz            00000000
1112-879119980333 130000012220NIKKI LAUDER                    NETL1094          082-330123189413Abaz            00000000
1062-098 10058455 130000027900STEPHEN SUMMERS                 NETL1152          082-330123189413Abaz            00000000
1112-879 66752635 130000027150MANDY EDWARDS                   NETL1156          082-330123189413Abaz            00000000
1062-162 10163273 130000009300MICHAEL FOSTER                  NETL1196          082-330123189413Abaz            00000000
1012-224254232944 130000011775JABEZ BRYCE                     NETL1200          082-330123189413Abaz            00000000
1063-449 10144969 130000012220JULIE-ANN BUSUTTIL              NETL1219          082-330123189413Abaz            00000000
1082-183138604296 130000024425OLIVIA LINEHAM                  NETL1237          082-330123189413Abaz            00000000
1193-879438110829 130000012220BRENDAN BOWTELL                 NETL1277          082-330123189413Abaz            00000000
1637-000713479470 130000002000DEBRA BELL                      NETL1327          082-330123189413Abaz            00000000
1032-176   179282 130000001000GREGORY COOK                    NETL1374          082-330123189413Abaz            00000000
1012-484181669263 130000015250LUKE EGAN                       NETL1400          082-330123189413Abaz            00000000
1802-091   898312 130000023550BRIAR KAIT THOMPSON             NETL1509          082-330123189413Abaz            00000000
1012-874282476292 130000015250DIANE BILLINGTON                NETL1536          082-330123189413Abaz            00000000
1012-874282476292 130000008000DIANE BILLINGTON                NETL1536          082-330123189413Abaz            00000000
1112-879 22669936 130000018600DEBRA SMALL                     NETL1584          082-330123189413Abaz            00000000
1732-071   797030 130000013575DIMITRIOS TSIOUMAS              NETL1594          082-330123189413Abaz            00000000
1082-276116647375 130000015250JOHN HERNANDEZ LONDONO          NETL1602          082-330123189413Abaz            00000000
1733-044   780019 130000006100ADRIAN JENKINS                  NETL1653          082-330123189413Abaz            00000000
1066-162 10303793 130000012220ANDREW JEFFREY WATSON           NETL1662          082-330123189413Abaz            00000000
1082-864180240051 130000030500JARROD THOMAS LITTLE            NETL1666          082-330123189413Abaz            00000000
1062-313   665803 130000006100ANNE-MARIE BULLEN               NETL1671          082-330123189413Abaz            00000000
1083-215188155214 130000015250JASON CAIN                      NETL1673          082-330123189413Abaz            00000000
1732-718   502804 130000009150LEEANNE JEAN WRIGHT             NETL1674          082-330123189413Abaz            00000000
1063-212 10235577 130000015250BLAKE BONFIELD                  NETL1675          082-330123189413Abaz            00000000
1013-805266025213 130000006100NAZARI EZATULLAH                NETL1693          082-330123189413Abaz            00000000
1012-220576773049 130000015250WARREN WILLIAM HALL             NETL1704          082-330123189413Abaz            00000000
1732-075   760294 130000018300HELEN JOSHUA                    NETL1705          082-330123189413Abaz            00000000
1112-879466453095 130000030500MERLY NACU                      NETL1711          082-330123189413Abaz            00000000
1066-505 10315250 130000008500KEVIN FRANCIS RINALDI           NETL1727          082-330123189413Abaz            00000000
1732-020   578049 130000003050LUKE PAVEY                      NETL1732          082-330123189413Abaz            00000000
1062-443 10611852 130000012200MARIA MEJIA                     NETL1744          082-330123189413Abaz            00000000
1082-330123189413 500000652785Abaz                                              082-330123189413Abaz            00000000
7999-999            000000000000006527850000652785                        000052                                        
