0                 01NAB       MONEY PLUS NETLENDING     440624DIRECT DEBIT240613                                        
1122-740 21765184 130000003067NATHAN MCVEY                    NETL951           082-330123189413Abaz            00000000
1302-961   123026 130000008500ELIAS KHAZEN                    NETL971           082-330123189413Abaz            00000000
1012-556483940813 130000011775GREGORY NUSS                    NETL1325          082-330123189413Abaz            00000000
1012-402379498893 130000024400WELLY MULYADI                   NETL1966          082-330123189413Abaz            00000000
1082-330123189413 500000047742Abaz                                              082-330123189413Abaz            00000000
7999-999            000000000000000477420000047742                        000005                                        
