0                 01NAB       MONEY PLUS NETLENDING     440624DIRECT DEBIT240713                                        
1012-765207444493 130000013950WAYNE STEWART HUGHES            NETL68            082-330123189413Abaz            00000000
1062-199 28023572 130000024435PETER AVNI                      NETL468           082-330123189413Abaz            00000000
1062-416 10112963 130000005000JULIE AMELIA FOLOMU             NETL484           082-330123189413Abaz            00000000
1082-330139349450 130000024435LARA MERRITT                    NETL510           082-330123189413Abaz            00000000
1062-283 10170022 130000020450DIMITRIOS ANATOLITIS            NETL884           082-330123189413Abaz            00000000
1062-692 11936281 130000037200TAMAR BALIAN                    NETL891           082-330123189413Abaz            00000000
1082-799138215864 130000005208WENDY PATTISON                  NETL993           082-330123189413Abaz            00000000
1082-799138215864 130000005208WENDY PATTISON                  NETL993           082-330123189413Abaz            00000000
1082-799138215864 130000005209WENDY PATTISON                  NETL993           082-330123189413Abaz            00000000
1063-184 10247401 130000018300VANESSA PANKHURST               NETL1019          082-330123189413Abaz            00000000
1082-343156458050 130000006200ANTOINETTE AWKAR                NETL1038          082-330123189413Abaz            00000000
1112-879119980333 130000012220NIKKI LAUDER                    NETL1094          082-330123189413Abaz            00000000
1112-879431536202 130000007000LILYAN MUNA                     NETL1120          082-330123189413Abaz            00000000
1112-879149008545 130000018600SIOBHAN & JACOB CABARRUS        NETL1131          082-330123189413Abaz            00000000
1012-224254232944 130000014400JABEZ BRYCE                     NETL1200          082-330123189413Abaz            00000000
1063-236 10246880 130000001000JULIE-ANN BUSUTTIL              NETL1219          082-330123189413Abaz            00000000
1012-209281435472 130000004000ATECA VAI                       NETL1266          082-330123189413Abaz            00000000
1193-879438110829 130000013950BRENDAN BOWTELL                 NETL1277          082-330123189413Abaz            00000000
1032-159   354907 130000012400ELSAD LESHETZ                   NETL1313          082-330123189413Abaz            00000000
1032-176   179282 130000002500GREGORY COOK                    NETL1374          082-330123189413Abaz            00000000
1032-184   247361 130000020450MAXIMILIANO PICHON              NETL1582          082-330123189413Abaz            00000000
1082-276116647375 130000009300JOHN HERNANDEZ LONDONO          NETL1602          082-330123189413Abaz            00000000
1733-262   625391 130000010225KINGSLEY CLIVE ROGERS           NETL1899          082-330123189413Abaz            00000000
1484-799450317187 130000030500MARIA YAP                       NETL1940          082-330123189413Abaz            00000000
1112-879128195708 130000023550MADEENA NASSIRY                 NETL1945          082-330123189413Abaz            00000000
1012-356187813246 130000031000DEJAN STREZOVSKI                NETL1950          082-330123189413Abaz            00000000
1062-453 10036143 130000008500MICHELLE MEE                    NETL1954          082-330123189413Abaz            00000000
1732-561   605361 130000012220CHRISTINE HOOPER                NETL1958          082-330123189413Abaz            00000000
1732-372   598887 130000008500DANIELLE JOHNSTONE              NETL1967          082-330123189413Abaz            00000000
1063-626 10524782 130000008000FELICITY MOORE                  NETL2018          082-330123189413Abaz            00000000
1063-626 10524782 130000024400FELICITY MOORE                  NETL2018          082-330123189413Abaz            00000000
1012-010378088454 130000031000RICHARD JAMES WRIGHT            NETL2032          082-330123189413Abaz            00000000
1732-069   717556 130000012200AMRINDER SINGH                  NETL2145          082-330123189413Abaz            00000000
1062-714 10061062 130000049600SHAHRUNIZAN MAHAMAD FAZIM       NETL2153          082-330123189413Abaz            00000000
1083-310137439591 130000009300SHPEJTIM MIFTARI                NETL2241          082-330123189413Abaz            00000000
1814-282 30474745 130000006200CHERYL PLUMMER                  NETL2259          082-330123189413Abaz            00000000
1012-429266257591 130000006200PETER JOHNSON                   NETL2270          082-330123189413Abaz            00000000
1732-075   800049 130000006200MINH NGUYEN                     NETL2271          082-330123189413Abaz            00000000
1062-619 10115056 130000024800IRETI VALENTINO TAUIA           NETL2274          082-330123189413Abaz            00000000
1062-000 13928808 130000018600VASSILIKI BOURBOUS              NETL2275          082-330123189413Abaz            00000000
1082-330123189413 500000602410Abaz                                              082-330123189413Abaz            00000000
7999-999            000000000000006024100000602410                        000041                                        
