0                 01NAB       MONEY PLUS NETLENDING     440624DIRECT DEBIT240513                                        
1082-282681288344 130000036700JUSTINE MERCER                  NETL674           082-330123189413Abaz            00000000
1633-000139919906 130000030500JASON DOBSON                    NETL715           082-330123189413Abaz            00000000
1083-646585541119 130000009150JASON SANDHAM                   NETL809           082-330123189413Abaz            00000000
1083-646585541119 130000008000JASON SANDHAM                   NETL809           082-330123189413Abaz            00000000
1012-341439660654 130000097800RODELY CAMERON                  NETL923           082-330123189413Abaz            00000000
1112-879492378578 130000024435SKYE COOPER                     NETL1157          082-330123189413Abaz            00000000
1732-172   878366 130000005000ASHLEY P LLOYD                  NETL1238          082-330123189413Abaz            00000000
1014-253180522892 130000012220MICHAEL A TESTER                NETL1686          082-330123189413Abaz            00000000
1082-330123189413 500000223805Abaz                                              082-330123189413Abaz            00000000
7999-999            000000000000002238050000223805                        000009                                        
