0                 01NAB       MONEY PLUS NETLENDING     440624DIRECT DEBIT250613                                        
1112-879 31794034 130000013950MR ROBERTO ANTONIO BUDA         NETL181           082-330123189413Abaz            00000000
1112-879411169978 130000008000MAY MARIA NICKEL                NETL231           082-330123189413Abaz            00000000
1112-879411169978 130000048870MAY MARIA NICKEL                NETL231           082-330123189413Abaz            00000000
1062-339 10303622 130000025670SINALOA TEAURERE                NETL305           082-330123189413Abaz            00000000
1062-693 12515988 130000013575SELA TUKUAFU                    NETL493           082-330123189413Abaz            00000000
1732-718   550494 130000012220TROY COLEMAN                    NETL641           082-330123189413Abaz            00000000
1012-280491749031 130000013575DEREK THOMAS WINKLEMAN          NETL831           082-330123189413Abaz            00000000
1012-233583757952 130000012220MAXINE BUSSELL                  NETL1384          082-330123189413Abaz            00000000
1112-879467262805 130000012220LINDA  HUGHES                   NETL1396          082-330123189413Abaz            00000000
1112-879467262805 130000003000LINDA  HUGHES                   NETL1396          082-330123189413Abaz            00000000
1063-116 10051014 130000015250CARLY GARD                      NETL1460          082-330123189413Abaz            00000000
1112-879456392874 130000027900GUSTAVO LAGE                    NETL1541          082-330123189413Abaz            00000000
1083-802144026402 130000012200DARRYL KETCHUP                  NETL1765          082-330123189413Abaz            00000000
1012-241382686174 130000013460KELLIE MATHEWS                  NETL1858          082-330123189413Abaz            00000000
1062-692 14830597 130000006100DYLAN JOHNSTONE                 NETL1951          082-330123189413Abaz            00000000
1063-832 10065436 130000015250SUZANNE J SQUIRES               NETL1974          082-330123189413Abaz            00000000
1012-347251172819 130000013330SIONE ENIKETI KAUFISI           NETL2015          082-330123189413Abaz            00000000
1063-626 10524782 130000024400FELICITY MOORE                  NETL2018          082-330123189413Abaz            00000000
1082-330123189413 500000291190Abaz                                              082-330123189413Abaz            00000000
7999-999            000000000000002911900000291190                        000019                                        
