0                 01NAB       MONEY PLUS NETLENDING     440624DIRECT DEBIT250713                                        
1066-137 10410815 130000018600TAMENE KEDIR EBBA               NETL61            082-330123189413Abaz            00000000
1082-133893200156 130000025710MELE PENIATA                    NETL377           082-330123189413Abaz            00000000
1732-172   886374 130000013950MALIOLIOAO TUESE                NETL435           082-330123189413Abaz            00000000
1814-282 10188669 130000005000PHILLIP OWEN HALES              NETL548           082-330123189413Abaz            00000000
1814-282 10188669 130000005000PHILLIP OWEN HALES              NETL548           082-330123189413Abaz            00000000
1944-300 13216481 130000008000MEGAN KELLY                     NETL549           082-330123189413Abaz            00000000
1944-300 13216481 130000024435MEGAN KELLY                     NETL549           082-330123189413Abaz            00000000
1062-000 14288873 130000012220CHRISTOPHER FINNERAN            NETL821           082-330123189413Abaz            00000000
1923-100 30624886 130000005000JUSTIN WRIGHT                   NETL878           082-330123189413Abaz            00000000
1012-341439660654 130000099200RODELY CAMERON                  NETL923           082-330123189413Abaz            00000000
1066-162 10303793 130000005000ANDREW JEFFREY WATSON           NETL1662          082-330123189413Abaz            00000000
1112-879465430692 130000005000TRENT PEARCE                    NETL1759          082-330123189413Abaz            00000000
1012-390197375374 130000036650JENINE MARY CATHERINE MCMAHON   NETL1801          082-330123189413Abaz            00000000
1012-140904296916 130000012400RICHARD FRAZIER                 NETL1823          082-330123189413Abaz            00000000
1062-334 11063281 130000010000TELESIA TUESE                   NETL1909          082-330123189413Abaz            00000000
1732-080   646461 130000015500WON JUN CHOE                    NETL1932          082-330123189413Abaz            00000000
1112-879  2457047 130000016000ELENA DANGELO                   NETL1963          082-330123189413Abaz            00000000
1303-092  4942542 130000013330COLIN DAVID HASTIE              NETL1977          082-330123189413Abaz            00000000
1012-253438510806 130000009150TINA NEPE                       NETL2058          082-330123189413Abaz            00000000
1062-522 10113418 130000019200TODD PAWSEY                     NETL2124          082-330123189413Abaz            00000000
1112-879475163831 130000011200DAWN SANELE                     NETL2269          082-330123189413Abaz            00000000
1082-330123189413 500000370545Abaz                                              082-330123189413Abaz            00000000
7999-999            000000000000003705450000370545                        000022                                        
