0                 01NAB       MONEY PLUS NETLENDING     440624DIRECT DEBIT260413                                        
1112-879107642100 130000054550KEVIN EDWARDS KEARNS            NETL281           082-330123189413Abaz            00000000
1112-879103207717 130000012220R P ANDREWS                     NETL365           082-330123189413Abaz            00000000
1082-133893200156 130000025710MELE PENIATA                    NETL377           082-330123189413Abaz            00000000
1732-172   886374 130000013950MALIOLIOAO TUESE                NETL435           082-330123189413Abaz            00000000
1944-300 13216481 130000024430MEGAN KELLY                     NETL549           082-330123189413Abaz            00000000
1944-300 13216481 130000024430MEGAN KELLY                     NETL549           082-330123189413Abaz            00000000
1944-300 13216481 130000008000MEGAN KELLY                     NETL549           082-330123189413Abaz            00000000
1803-205 20567944 130000046500DAVID JOHN HUMPHRY              NETL574           082-330123189413Abaz            00000000
1082-282681288344 130000036700JUSTINE MERCER                  NETL674           082-330123189413Abaz            00000000
1633-000139919906 130000012200JASON DOBSON                    NETL715           082-330123189413Abaz            00000000
1633-000139919906 130000004000JASON DOBSON                    NETL715           082-330123189413Abaz            00000000
1732-273   687868 130000022820ERONI TAGICAKITAI               NETL792           082-330123189413Abaz            00000000
1083-646585541119 130000009150JASON SANDHAM                   NETL809           082-330123189413Abaz            00000000
1062-000 14288873 130000012220CHRISTOPHER FINNERAN            NETL821           082-330123189413Abaz            00000000
1112-879 56831874 130000012220WILLIAM R POURAU                NETL822           082-330123189413Abaz            00000000
1012-787491706306 130000024435MR PHILLIP MCARDLE              NETL848           082-330123189413Abaz            00000000
1082-918140585776 130000015000RENEE DOWNEY                    NETL868           082-330123189413Abaz            00000000
1112-879467348561 130000097800RODELY CAMERON                  NETL923           082-330123189413Abaz            00000000
1484-799203239730 130000024435NITHIEY VISVAIAH                NETL1011          082-330123189413Abaz            00000000
1484-799203239730 130000008000NITHIEY VISVAIAH                NETL1011          082-330123189413Abaz            00000000
1082-225599075833 130000009150SAIMONE HAFOKA UHIUA TALI       NETL1038          082-330123189413Abaz            00000000
1082-494171292247 130000024435SCOTT NELSON                    NETL1124          082-330123189413Abaz            00000000
1082-494171292247 130000008000SCOTT NELSON                    NETL1124          082-330123189413Abaz            00000000
1112-879492378578 130000024435SKYE COOPER                     NETL1157          082-330123189413Abaz            00000000
1062-656 10202260 130000012180NATHAN TROY CAIN                NETL1171          082-330123189413Abaz            00000000
1732-055   734814 130000027150ASIATA HAU                      NETL1213          082-330123189413Abaz            00000000
1062-230 10275575 130000024435JASON WEST                      NETL1359          082-330123189413Abaz            00000000
1732-324   552593 130000012220LINDA  HUGHES                   NETL1396          082-330123189413Abaz            00000000
1062-185 10242466 130000013575SOVANNPOV SAM                   NETL1434          082-330123189413Abaz            00000000
1062-167 10035307 130000030500SARAH  MALCOLM                  NETL1446          082-330123189413Abaz            00000000
1062-136 10336336 130000018350NADIA HALPIN                    NETL1478          082-330123189413Abaz            00000000
1803-205  3878964 130000017000DYLAN MORGAN                    NETL1540          082-330123189413Abaz            00000000
1014-253180522892 130000012220MICHAEL A TESTER                NETL1686          082-330123189413Abaz            00000000
1082-330123189413 500007224201Abaz                                              082-330123189413Abaz            00000000
7999-999            000000000000072242010007224201                        000034                                        
