0                 01NAB       MONEY PLUS NETLENDING     440624DIRECT DEBIT260813                                        
1112-879431449272 130000004000SHANNAN VISANICH                NETL908           082-330123189413Abaz            00000000
1012-341439660654 130000099200RODELY CAMERON                  NETL923           082-330123189413Abaz            00000000
1302-961   123026 130000009600ELIAS KHAZEN                    NETL971           082-330123189413Abaz            00000000
1012-556483940813 130000009600GREGORY NUSS                    NETL1325          082-330123189413Abaz            00000000
1014-253180522892 130000016000MICHAEL A TESTER                NETL1686          082-330123189413Abaz            00000000
1062-421 10316382 130000018600NELIA LETICH                    NETL2288          082-330123189413Abaz            00000000
1062-121 10856349 130000009300MICHELLE WESTRIP                NETL2296          082-330123189413Abaz            00000000
1082-330123189413 500000166300Abaz                                              082-330123189413Abaz            00000000
7999-999            000000000000001663000000166300                        000008                                        
