0                 01NAB       MONEY PLUS NETLENDING     440624DIRECT DEBIT260613                                        
1082-186175978772 130000008000BRADLEY FRANCISCO               NETL37            082-330123189413Abaz            00000000
1082-186175978772 130000024435BRADLEY FRANCISCO               NETL37            082-330123189413Abaz            00000000
1012-765207444493 130000013950WAYNE STEWART HUGHES            NETL68            082-330123189413Abaz            00000000
1062-597 10488314 130000013950ROY SUEGA                       NETL318           082-330123189413Abaz            00000000
1062-199 28023572 130000024435PETER AVNI                      NETL468           082-330123189413Abaz            00000000
1062-416 10112963 130000005000JULIE AMELIA FOLOMU             NETL484           082-330123189413Abaz            00000000
1062-283 10170022 130000020450DIMITRIOS ANATOLITIS            NETL884           082-330123189413Abaz            00000000
1062-692 11936281 130000027900TAMAR BALIAN                    NETL891           082-330123189413Abaz            00000000
1063-184 10247401 130000018300VANESSA PANKHURST               NETL1019          082-330123189413Abaz            00000000
1083-832752674825 130000003050SUN CHANDRA                     NETL1116          082-330123189413Abaz            00000000
1112-879431536202 130000007000LILYAN MUNA                     NETL1120          082-330123189413Abaz            00000000
1112-879149008545 130000030500SIOBHAN & JACOB CABARRUS        NETL1131          082-330123189413Abaz            00000000
1062-162 10163273 130000009300MICHAEL FOSTER                  NETL1196          082-330123189413Abaz            00000000
1012-224254232944 130000011775JABEZ BRYCE                     NETL1200          082-330123189413Abaz            00000000
1012-209281435472 130000004000ATECA VAI                       NETL1266          082-330123189413Abaz            00000000
1193-879438110829 130000013950BRENDAN BOWTELL                 NETL1277          082-330123189413Abaz            00000000
1032-159   354907 130000012200ELSAD LESHETZ                   NETL1313          082-330123189413Abaz            00000000
1032-176   179282 130000002500GREGORY COOK                    NETL1374          082-330123189413Abaz            00000000
1112-879410785189 130000012200APENISA KERESONI                NETL1518          082-330123189413Abaz            00000000
1032-184   247361 130000020450MAXIMILIANO PICHON              NETL1582          082-330123189413Abaz            00000000
1082-276116647375 130000008500JOHN HERNANDEZ LONDONO          NETL1602          082-330123189413Abaz            00000000
1062-313   665803 130000009150ANNE-MARIE BULLEN               NETL1671          082-330123189413Abaz            00000000
1012-220576773049 130000013575WARREN WILLIAM HALL             NETL1704          082-330123189413Abaz            00000000
1062-438 10242243 130000030500MATANGINUI KINGI                NETL1730          082-330123189413Abaz            00000000
1062-692 14743653 130000006100LEONIE FAY BYRNES               NETL1778          082-330123189413Abaz            00000000
1732-070   753546 130000030500MARITA TORELLO                  NETL1831          082-330123189413Abaz            00000000
1062-121 10601821 130000010225LISA GAYE MITROVICH             NETL1883          082-330123189413Abaz            00000000
1733-262   625391 130000010225KINGSLEY CLIVE ROGERS           NETL1899          082-330123189413Abaz            00000000
1012-408526133297 130000008500TELESIA TUESE                   NETL1909          082-330123189413Abaz            00000000
1484-799450317187 130000024400MARIA YAP                       NETL1940          082-330123189413Abaz            00000000
1112-879128195708 130000023550MADEENA NASSIRY                 NETL1945          082-330123189413Abaz            00000000
1062-736 10172604 130000018300NATASHA SKORIC                  NETL1946          082-330123189413Abaz            00000000
1062-453 10036143 130000008500MICHELLE MEE                    NETL1954          082-330123189413Abaz            00000000
1732-561   605361 130000015250CHRISTINE HOOPER                NETL1958          082-330123189413Abaz            00000000
1112-879  2457047 130000008500ELENA DANGELO                   NETL1963          082-330123189413Abaz            00000000
1732-372   598887 130000008500DANIELLE JOHNSTONE              NETL1967          082-330123189413Abaz            00000000
1012-010378088454 130000012200RICHARD JAMES WRIGHT            NETL2032          082-330123189413Abaz            00000000
1112-879457926487 130000009150SUSANA ASOVALE                  NETL2036          082-330123189413Abaz            00000000
1082-330123189413 500000538970Abaz                                              082-330123189413Abaz            00000000
7999-999            000000000000005389700000538970                        000039                                        
