0                 01NAB       MONEY PLUS NETLENDING     440624DIRECT DEBIT260713                                        
1112-879411169978 130000008000MAY MARIA NICKEL                NETL231           082-330123189413Abaz            00000000
1112-879411169978 130000048860MAY MARIA NICKEL                NETL231           082-330123189413Abaz            00000000
1923-100 31562555 130000002000SCOTT CULLEN                    NETL876           082-330123189413Abaz            00000000
1012-224283363505 130000005000KELLIE BROWN                    NETL1093          082-330123189413Abaz            00000000
1014-253180522892 130000016000MICHAEL A TESTER                NETL1686          082-330123189413Abaz            00000000
1082-330123189413 500000079860Abaz                                              082-330123189413Abaz            00000000
7999-999            000000000000000798600000079860                        000006                                        
