0                 01NAB       MONEY PLUS NETLENDING     440624DIRECT DEBIT260613                                        
1732-051   643333 130000020000DANIEL WILKEN                   NETL802           082-330123189413Abaz            00000000
1082-330123189413 500000020000Abaz                                              082-330123189413Abaz            00000000
7999-999            000000000000000200000000020000                        000002                                        
