0                 01NAB       MONEY PLUS NETLENDING     440624DIRECT DEBIT260913                                        
1814-282 10188669 130000003000PHILLIP OWEN HALES              NETL548           082-330123189413Abaz            00000000
1803-205 20567944 130000054550DAVID JOHN HUMPHRY              NETL574           082-330123189413Abaz            00000000
1732-273   687868 130000027275ERONI TAGICAKITAI               NETL792           082-330123189413Abaz            00000000
1012-787491706306 130000027900MR PHILLIP MCARDLE              NETL848           082-330123189413Abaz            00000000
1732-080   646461 130000016000WON JUN CHOE                    NETL1932          082-330123189413Abaz            00000000
1704-865    52478 130000027900ROSARIO LAWANG                  NETL2327          082-330123189413Abaz            00000000
1013-200 10101010 130000003100UMESH BHARVAD                   NETL2339          082-330123189413Abaz            00000000
1082-330123189413 500000159725Abaz                                              082-330123189413Abaz            00000000
7999-999            000000000000001597250000159725                        000008                                        
