0                 01NAB       MONEY PLUS NETLENDING     440624DIRECT DEBIT270613                                        
1083-310545776271 130000006575KIRSTY ROWAN                    NETL31            082-330123189413Abaz            00000000
1066-137 10410815 130000018600TAMENE KEDIR EBBA               NETL61            082-330123189413Abaz            00000000
1112-879411169978 130000008000MAY MARIA NICKEL                NETL231           082-330123189413Abaz            00000000
1112-879411169978 130000048870MAY MARIA NICKEL                NETL231           082-330123189413Abaz            00000000
1112-879103207717 130000012180R P ANDREWS                     NETL365           082-330123189413Abaz            00000000
1082-133893200156 130000025710MELE PENIATA                    NETL377           082-330123189413Abaz            00000000
1732-172   886374 130000013950MALIOLIOAO TUESE                NETL435           082-330123189413Abaz            00000000
1302-961   154021 130000016500BELINDA GAY LINDSTROM           NETL527           082-330123189413Abaz            00000000
1112-879467262805 130000012180LINDA  HUGHES                   NETL1396          082-330123189413Abaz            00000000
1062-136 10336336 130000018350NADIA HALPIN                    NETL1478          082-330123189413Abaz            00000000
1012-874282476292 130000001500DIANE BILLINGTON                NETL1536          082-330123189413Abaz            00000000
1066-162 10303793 130000005000ANDREW JEFFREY WATSON           NETL1662          082-330123189413Abaz            00000000
1112-879465430692 130000005000TRENT PEARCE                    NETL1759          082-330123189413Abaz            00000000
1012-390197375374 130000024435JENINE MARY CATHERINE MCMAHON   NETL1801          082-330123189413Abaz            00000000
1012-140904296916 130000009150RICHARD FRAZIER                 NETL1823          082-330123189413Abaz            00000000
1012-356187813246 130000061000DEJAN STREZOVSKI                NETL1950          082-330123189413Abaz            00000000
1805-050 61323585 130000006100JAMES WHEELER(OLIVIA WHEELER)   NETL1964          082-330123189413Abaz            00000000
1303-092  4942542 130000013330COLIN DAVID HASTIE              NETL1977          082-330123189413Abaz            00000000
1062-522 10113418 130000018300TODD PAWSEY                     NETL2124          082-330123189413Abaz            00000000
1082-330123189413 500000324730Abaz                                              082-330123189413Abaz            00000000
7999-999            000000000000003247300000324730                        000020                                        
