0                 01NAB       MONEY PLUS NETLENDING     440624DIRECT DEBIT270513                                        
1013-457206790888 130000006367BRENDAN VAUGHAN                 NETL483           082-330123189413Abaz            00000000
1122-740 21765184 130000006100NATHAN MCVEY                    NETL951           082-330123189413Abaz            00000000
1122-740 21765184 130000004000NATHAN MCVEY                    NETL951           082-330123189413Abaz            00000000
1302-961   123026 130000008500ELIAS KHAZEN                    NETL971           082-330123189413Abaz            00000000
1012-556483940813 130000010225GREGORY NUSS                    NETL1325          082-330123189413Abaz            00000000
1013-720255943078 130000011775SAMUEL DAVIS & DEBRA HANCOCK    NETL1553          082-330123189413Abaz            00000000
1062-070 10307784 130000012200NATHAN NICOLSON                 NETL1835          082-330123189413Abaz            00000000
1732-094   677090 130000015250AARON PROVIS                    NETL1920          082-330123189413Abaz            00000000
1082-330123189413 500000074417Abaz                                              082-330123189413Abaz            00000000
7999-999            000000000000000744170000074417                        000009                                        
