0                 01NAB       MONEY PLUS NETLENDING     440624DIRECT DEBIT280413                                        
1111-111111111111 130000002000TEST TEST                       NETL691           082-330123189413Abaz            00000000
1082-330123189413 500000000020Abaz                                              082-330123189413Abaz            00000000
7999-999            000000000000000000200000000020                        000002                                        
