0                 01NAB       MONEY PLUS NETLENDING     440624DIRECT DEBIT280713                                        
1124-008 11111111 130000012400TEST TEST                       NETL2294          082-330123189413Abaz            00000000
1082-330123189413 500000012400Abaz                                              082-330123189413Abaz            00000000
7999-999            000000000000000124000000012400                        000002                                        
