0                 01NAB       MONEY PLUS NETLENDING     440624DIRECT DEBIT280613                                        
1814-282 10188669 130000010000PHILLIP OWEN HALES              NETL548           082-330123189413Abaz            00000000
1732-051   643333 130000020000DANIEL WILKEN                   NETL802           082-330123189413Abaz            00000000
1923-100 31562555 130000002000SCOTT CULLEN                    NETL876           082-330123189413Abaz            00000000
1082-799138215864 130000003125WENDY PATTISON                  NETL993           082-330123189413Abaz            00000000
1012-224283363505 130000005000KELLIE BROWN                    NETL1093          082-330123189413Abaz            00000000
1923-100 30295022 130000048870KIRK JONES                      NETL1106          082-330123189413Abaz            00000000
1014-253180522892 130000012180MICHAEL A TESTER                NETL1686          082-330123189413Abaz            00000000
1082-330123189413 500000101175Abaz                                              082-330123189413Abaz            00000000
7999-999            000000000000001011750000101175                        000008                                        
