0                 01NAB       MONEY PLUS NETLENDING     440624DIRECT DEBIT280513                                        
1112-879 31794034 130000013950MR ROBERTO ANTONIO BUDA         NETL181           082-330123189413Abaz            00000000
1112-879411169978 130000048860MAY MARIA NICKEL                NETL231           082-330123189413Abaz            00000000
1062-339 10303622 130000025710SINALOA TEAURERE                NETL305           082-330123189413Abaz            00000000
1734-010   530286 130000012220CARMEN TABONE                   NETL641           082-330123189413Abaz            00000000
1012-280491749031 130000013575DEREK THOMAS WINKLEMAN          NETL831           082-330123189413Abaz            00000000
1016-080516882761 130000010000ALVIN PRETORIUS                 NETL877           082-330123189413Abaz            00000000
1923-100 31598106 130000014435ANNA BURNS                      NETL883           082-330123189413Abaz            00000000
1923-100 31598106 130000010000ANNA BURNS                      NETL883           082-330123189413Abaz            00000000
1923-100 31598106 130000010000ANNA BURNS                      NETL883           082-330123189413Abaz            00000000
1923-100 31598106 130000010000ANNA BURNS                      NETL883           082-330123189413Abaz            00000000
1923-100 31598106 130000010860ANNA BURNS                      NETL883           082-330123189413Abaz            00000000
1923-100 31598106 130000014435ANNA BURNS                      NETL883           082-330123189413Abaz            00000000
1112-879148228001 130000024435JANELLE WILLIS & MARK WILLIS    NETL1009          082-330123189413Abaz            00000000
1062-692 13811124 130000004000TASSA PUNSEE                    NETL1339          082-330123189413Abaz            00000000
1012-233583757952 130000012220MAXINE BUSSELL                  NETL1384          082-330123189413Abaz            00000000
1063-116 10051014 130000015250CARLY GARD                      NETL1460          082-330123189413Abaz            00000000
1112-879155576493 130000006100EDWARD CONTEH                   NETL1464          082-330123189413Abaz            00000000
1014-640574861635 130000023550JACQUELINE TOMARRA              NETL1484          082-330123189413Abaz            00000000
1112-879456392874 130000027900GUSTAVO LAGE                    NETL1541          082-330123189413Abaz            00000000
1083-802144026402 130000012200DARRYL KETCHUP                  NETL1765          082-330123189413Abaz            00000000
1012-241382686174 130000013460KELLIE MATHEWS                  NETL1858          082-330123189413Abaz            00000000
1082-330123189413 500000333160Abaz                                              082-330123189413Abaz            00000000
7999-999            000000000000003331600000333160                        000022                                        
