0                 01NAB       MONEY PLUS NETLENDING     440624DIRECT DEBIT290413                                        
1112-879411169978 130000048870MAY MARIA NICKEL                NETL231           082-330123189413Abaz            00000000
1083-832128629588 130000005100SONYA PEREA                     NETL271           082-330123189413Abaz            00000000
1302-961   123026 130000006100ELIAS KHAZEN                    NETL971           082-330123189413Abaz            00000000
1012-556483940813 130000010225GREGORY NUSS                    NETL1325          082-330123189413Abaz            00000000
1013-720255943078 130000011775SAMUEL DAVIS & DEBRA HANCOCK    NETL1553          082-330123189413Abaz            00000000
1082-330123189413 500000082070Abaz                                              082-330123189413Abaz            00000000
7999-999            000000000000000820700000082070                        000006                                        
