0                 01NAB       MONEY PLUS NETLENDING     440624DIRECT DEBIT290713                                        
1302-961   123026 130000009600ELIAS KHAZEN                    NETL971           082-330123189413Abaz            00000000
1923-100 30295022 130000048870KIRK JONES                      NETL1106          082-330123189413Abaz            00000000
1012-556483940813 130000011775GREGORY NUSS                    NETL1325          082-330123189413Abaz            00000000
1112-879128195708 130000023550MADEENA NASSIRY                 NETL1945          082-330123189413Abaz            00000000
1112-879128195708 130000003000MADEENA NASSIRY                 NETL1945          082-330123189413Abaz            00000000
1062-508 10074097 130000015500BRITTANY ONEILL                 NETL2134          082-330123189413Abaz            00000000
1082-330123189413 500000112295Abaz                                              082-330123189413Abaz            00000000
7999-999            000000000000001122950000112295                        000007                                        
