0                 01NAB       MONEY PLUS NETLENDING     440624DIRECT DEBIT290513                                        
1082-186175978772 130000024435BRADLEY FRANCISCO               NETL37            082-330123189413Abaz            00000000
1012-765207444493 130000013950WAYNE STEWART HUGHES            NETL68            082-330123189413Abaz            00000000
1732-833   720030 130000002000LUKE SCHUYLER                   NETL89            082-330123189413Abaz            00000000
1732-278   706693 130000024435MISS FIONA PITCHFORD            NETL146           082-330123189413Abaz            00000000
1062-597 10488314 130000013950ROY SUEGA                       NETL318           082-330123189413Abaz            00000000
1062-199 28023572 130000024425PETER AVNI                      NETL468           082-330123189413Abaz            00000000
1062-416 10112963 130000005000JULIE AMELIA FOLOMU             NETL484           082-330123189413Abaz            00000000
1112-879446703675 130000005000SELUIA PENN                     NETL486           082-330123189413Abaz            00000000
1112-879446703675 130000024435SELUIA PENN                     NETL486           082-330123189413Abaz            00000000
1112-879446703675 130000003000SELUIA PENN                     NETL486           082-330123189413Abaz            00000000
1082-330139349450 130000024435LARA MERRITT                    NETL510           082-330123189413Abaz            00000000
1732-250   616100 130000013950MICHAEL P MUNRO                 NETL853           082-330123189413Abaz            00000000
1923-100 30624886 130000004800JUSTIN WRIGHT                   NETL878           082-330123189413Abaz            00000000
1062-692 11936281 130000027900TAMAR BALIAN                    NETL891           082-330123189413Abaz            00000000
1112-879431449272 130000001000SHANNAN VISANICH                NETL908           082-330123189413Abaz            00000000
1112-879119980333 130000012220NIKKI LAUDER                    NETL1094          082-330123189413Abaz            00000000
1062-162 10163273 130000009300MICHAEL FOSTER                  NETL1196          082-330123189413Abaz            00000000
1062-560 10094732 130000010225NEVANA SINES                    NETL1198          082-330123189413Abaz            00000000
1012-224254232944 130000011775JABEZ BRYCE                     NETL1200          082-330123189413Abaz            00000000
1012-209281435472 130000004000ATECA VAI                       NETL1266          082-330123189413Abaz            00000000
1193-879438110829 130000013950BRENDAN BOWTELL                 NETL1277          082-330123189413Abaz            00000000
1032-159   354907 130000006100ELSAD LESHETZ                   NETL1313          082-330123189413Abaz            00000000
1062-189 10211730 130000008000SANIKO AKANGAROI                NETL1319          082-330123189413Abaz            00000000
1062-189 10211730 130000030500SANIKO AKANGAROI                NETL1319          082-330123189413Abaz            00000000
1062-191 10606675 130000017000LOSENA NAWAQAVOU                NETL1321          082-330123189413Abaz            00000000
1032-176   179282 130000001000GREGORY COOK                    NETL1374          082-330123189413Abaz            00000000
1082-494116177342 130000008330MELANIE DUNN                    NETL1387          082-330123189413Abaz            00000000
1082-146496220137 130000015250ESAFE FEVALEAKI                 NETL1513          082-330123189413Abaz            00000000
1112-879464505496 130000024435PAULINE MILLER                  NETL1544          082-330123189413Abaz            00000000
1032-184   247361 130000018300MAXIMILIANO PICHON              NETL1582          082-330123189413Abaz            00000000
1732-071   797030 130000005000DIMITRIOS TSIOUMAS              NETL1594          082-330123189413Abaz            00000000
1732-071   797030 130000013575DIMITRIOS TSIOUMAS              NETL1594          082-330123189413Abaz            00000000
1082-276116647375 130000008500JOHN HERNANDEZ LONDONO          NETL1602          082-330123189413Abaz            00000000
1802-388    47859 130000018300KARENA POTO                     NETL1607          082-330123189413Abaz            00000000
1062-313   665803 130000009150ANNE-MARIE BULLEN               NETL1671          082-330123189413Abaz            00000000
1732-718   502804 130000009150LEEANNE JEAN WRIGHT             NETL1674          082-330123189413Abaz            00000000
1012-220576773049 130000013575WARREN WILLIAM HALL             NETL1704          082-330123189413Abaz            00000000
1062-692 14743653 130000018300LEONIE FAY BYRNES               NETL1778          082-330123189413Abaz            00000000
1062-692 14743653 130000003000LEONIE FAY BYRNES               NETL1778          082-330123189413Abaz            00000000
1062-692 14743653 130000005000LEONIE FAY BYRNES               NETL1778          082-330123189413Abaz            00000000
1732-070   753546 130000030500MARITA TORELLO                  NETL1831          082-330123189413Abaz            00000000
1062-121 10601821 130000010225LISA GAYE MITROVICH             NETL1883          082-330123189413Abaz            00000000
1733-262   625391 130000009150KINGSLEY CLIVE ROGERS           NETL1899          082-330123189413Abaz            00000000
1012-408526133297 130000008500TELESIA TUESE                   NETL1909          082-330123189413Abaz            00000000
1082-330123189413 500000565025Abaz                                              082-330123189413Abaz            00000000
7999-999            000000000000005650250000565025                        000045                                        
