0                 01NAB       MONEY PLUS NETLENDING     440624DIRECT DEBIT300413                                        
1012-765207444493 130000013950WAYNE STEWART HUGHES            NETL68            082-330123189413Abaz            00000000
1112-879 31794034 130000025710MR ROBERTO ANTONIO BUDA         NETL181           082-330123189413Abaz            00000000
1062-339 10303622 130000025710SINALOA TEAURERE                NETL305           082-330123189413Abaz            00000000
1062-693 12515988 130000010225SELA TUKUAFU                    NETL493           082-330123189413Abaz            00000000
1082-133594791611 130000024400MAXINE DORAN                    NETL547           082-330123189413Abaz            00000000
1734-010   530286 130000012220CARMEN TABONE                   NETL641           082-330123189413Abaz            00000000
1734-010   530286 130000008000CARMEN TABONE                   NETL641           082-330123189413Abaz            00000000
1062-692 10832130 130000024425REUBEN UDAYAN                   NETL723           082-330123189413Abaz            00000000
1012-280491749031 130000018350DEREK THOMAS WINKLEMAN          NETL831           082-330123189413Abaz            00000000
1016-080516882761 130000010000ALVIN PRETORIUS                 NETL877           082-330123189413Abaz            00000000
1112-879467348561 130000003000RODELY CAMERON                  NETL923           082-330123189413Abaz            00000000
1112-879467348561 130000097800RODELY CAMERON                  NETL923           082-330123189413Abaz            00000000
1112-879148228001 130000024435JANELLE WILLIS & MARK WILLIS    NETL1009          082-330123189413Abaz            00000000
1923-100 30295022 130000048860KIRK JONES                      NETL1106          082-330123189413Abaz            00000000
1012-006484537751 130000012220STEPHEN POTTER                  NETL1314          082-330123189413Abaz            00000000
1012-233583757952 130000012220MAXINE BUSSELL                  NETL1384          082-330123189413Abaz            00000000
1063-116 10051014 130000015250CARLY GARD                      NETL1460          082-330123189413Abaz            00000000
1112-879155576493 130000006100EDWARD CONTEH                   NETL1464          082-330123189413Abaz            00000000
1014-640574861635 130000023550JACQUELINE TOMARRA              NETL1484          082-330123189413Abaz            00000000
1112-879456392874 130000027900GUSTAVO LAGE                    NETL1541          082-330123189413Abaz            00000000
1083-802144026402 130000009150DARRYL KETCHUP                  NETL1765          082-330123189413Abaz            00000000
1082-330123189413 500000453475Abaz                                              082-330123189413Abaz            00000000
7999-999            000000000000004534750000453475                        000022                                        
