0                 01NAB       MONEY PLUS NETLENDING     440624DIRECT DEBIT300513                                        
1066-137 10410815 130000018600TAMENE KEDIR EBBA               NETL61            082-330123189413Abaz            00000000
1066-137 10410815 130000008000TAMENE KEDIR EBBA               NETL61            082-330123189413Abaz            00000000
1704-189    41119 130000005050DEAN HAWKINS                    NETL176           082-330123189413Abaz            00000000
1112-879103207717 130000012220R P ANDREWS                     NETL365           082-330123189413Abaz            00000000
1082-133893200156 130000025710MELE PENIATA                    NETL377           082-330123189413Abaz            00000000
1732-172   886374 130000013950MALIOLIOAO TUESE                NETL435           082-330123189413Abaz            00000000
1302-961   154021 130000020000BELINDA GAY LINDSTROM           NETL527           082-330123189413Abaz            00000000
1083-832165814379 130000005000CYNTHIA KOLEFF                  NETL529           082-330123189413Abaz            00000000
1062-000 14288873 130000012220CHRISTOPHER FINNERAN            NETL821           082-330123189413Abaz            00000000
1112-879 56831874 130000012220WILLIAM R POURAU                NETL822           082-330123189413Abaz            00000000
1650-000987994903 130000012220ANDREW CHARLES WAYNE            NETL910           082-330123189413Abaz            00000000
1082-343156458050 130000012200ANTOINETTE AWKAR                NETL1038          082-330123189413Abaz            00000000
1082-799128910740 130000004080DAYNE COOMB                     NETL1214          082-330123189413Abaz            00000000
1732-324   552593 130000012220LINDA  HUGHES                   NETL1396          082-330123189413Abaz            00000000
1062-136 10336336 130000015250NADIA HALPIN                    NETL1478          082-330123189413Abaz            00000000
1066-162 10303793 130000005000ANDREW JEFFREY WATSON           NETL1662          082-330123189413Abaz            00000000
1012-390197375374 130000024435JENINE MARY CATHERINE MCMAHON   NETL1801          082-330123189413Abaz            00000000
1012-140904296916 130000006100RICHARD FRAZIER                 NETL1823          082-330123189413Abaz            00000000
1732-080   646461 130000009150WON JUN CHOE                    NETL1932          082-330123189413Abaz            00000000
1082-330123189413 500000233625Abaz                                              082-330123189413Abaz            00000000
7999-999            000000000000002336250000233625                        000020                                        
