0                 01NAB       MONEY PLUS NETLENDING     440624DIRECT DEBIT310713                                        
1012-765207444493 130000013950WAYNE STEWART HUGHES            NETL68            082-330123189413Abaz            00000000
1062-416 10112963 130000005000JULIE AMELIA FOLOMU             NETL484           082-330123189413Abaz            00000000
1633-000126318880 130000018000JAYDEN BETTERIDGE               NETL760           082-330123189413Abaz            00000000
1303-092  4691537 130000020430MICHAEL ZAPANTA-STOCKHAM        NETL818           082-330123189413Abaz            00000000
1637-000715333104 130000017000KATHLEEN BLAKENEY               NETL898           082-330123189413Abaz            00000000
1082-121159060590 130000027900AQELA NAWAI                     NETL973           082-330123189413Abaz            00000000
1732-076   735162 130000007766ERIC SWANWICK                   NETL1063          082-330123189413Abaz            00000000
1112-879119980333 130000012220NIKKI LAUDER                    NETL1094          082-330123189413Abaz            00000000
1112-879431536202 130000007000LILYAN MUNA                     NETL1120          082-330123189413Abaz            00000000
1062-098 10058455 130000027900STEPHEN SUMMERS                 NETL1152          082-330123189413Abaz            00000000
1062-948 10458597 130000020450GARY KIRCHEN                    NETL1155          082-330123189413Abaz            00000000
1112-879 66752635 130000029320MANDY EDWARDS                   NETL1156          082-330123189413Abaz            00000000
1062-162 10163273 130000009300MICHAEL FOSTER                  NETL1196          082-330123189413Abaz            00000000
1062-560 10094732 130000005000NEVANA SINES                    NETL1198          082-330123189413Abaz            00000000
1062-560 10094732 130000005225NEVANA SINES                    NETL1198          082-330123189413Abaz            00000000
1012-224254232944 130000014400JABEZ BRYCE                     NETL1200          082-330123189413Abaz            00000000
1063-236 10246880 130000001000JULIE-ANN BUSUTTIL              NETL1219          082-330123189413Abaz            00000000
1193-879438110829 130000013950BRENDAN BOWTELL                 NETL1277          082-330123189413Abaz            00000000
1032-176   179282 130000002500GREGORY COOK                    NETL1374          082-330123189413Abaz            00000000
1062-167 10035307 130000023550SARAH  MALCOLM                  NETL1446          082-330123189413Abaz            00000000
1802-091   898312 130000023550BRIAR KAIT THOMPSON             NETL1509          082-330123189413Abaz            00000000
1112-879 22669936 130000027900DEBRA SMALL                     NETL1584          082-330123189413Abaz            00000000
1082-276116647375 130000009300JOHN HERNANDEZ LONDONO          NETL1602          082-330123189413Abaz            00000000
1062-313   665803 130000009300ANNE-MARIE BULLEN               NETL1671          082-330123189413Abaz            00000000
1732-075   760294 130000029320HELEN JOSHUA                    NETL1705          082-330123189413Abaz            00000000
1112-879466453095 130000022400MERLY NACU                      NETL1711          082-330123189413Abaz            00000000
1733-262   625391 130000010225KINGSLEY CLIVE ROGERS           NETL1899          082-330123189413Abaz            00000000
1062-322 10336410 130000023550MELISSA POTTS                   NETL1948          082-330123189413Abaz            00000000
1062-453 10036143 130000008000MICHELLE MEE                    NETL1954          082-330123189413Abaz            00000000
1732-561   605361 130000012220CHRISTINE HOOPER                NETL1958          082-330123189413Abaz            00000000
1732-372   598887 130000008500DANIELLE JOHNSTONE              NETL1967          082-330123189413Abaz            00000000
1732-273   533260 130000037200SEEPA VAITULIA SAMUELU          NETL1996          082-330123189413Abaz            00000000
1062-171 10282245 130000024800JOSEPH S BENOSA                 NETL2012          082-330123189413Abaz            00000000
1732-040   546394 130000064000WILLIAM REGINALD MCCONNELL      NETL2035          082-330123189413Abaz            00000000
1732-036   671598 130000018600KIM KENNY                       NETL2057          082-330123189413Abaz            00000000
1732-069   717556 130000012200AMRINDER SINGH                  NETL2145          082-330123189413Abaz            00000000
1083-310137439591 130000009300SHPEJTIM MIFTARI                NETL2241          082-330123189413Abaz            00000000
1814-282 30474745 130000006200CHERYL PLUMMER                  NETL2259          082-330123189413Abaz            00000000
1062-334 10303247 130000025600ARATAKI WILLIAMS                NETL2263          082-330123189413Abaz            00000000
1012-429266257591 130000006200PETER JOHNSON                   NETL2270          082-330123189413Abaz            00000000
1732-273   737503 130000031000GERALDINE CRUZ                  NETL2279          082-330123189413Abaz            00000000
1062-962 11157456 130000062000TYSON LEYSHON                   NETL2280          082-330123189413Abaz            00000000
1732-003   677600 130000016000LUKE TORY                       NETL2284          082-330123189413Abaz            00000000
1082-330123189413 500000779226Abaz                                              082-330123189413Abaz            00000000
7999-999            000000000000007792260000779226                        000044                                        
