0                 01NAB       MONEY PLUS NETLENDING     440624DIRECT DEBIT310513                                        
1814-282 10188669 130000005000PHILLIP OWEN HALES              NETL548           082-330123189413Abaz            00000000
1083-646585541119 130000009150JASON SANDHAM                   NETL809           082-330123189413Abaz            00000000
1083-646585541119 130000008000JASON SANDHAM                   NETL809           082-330123189413Abaz            00000000
1112-879457941610 130000015000RINDA KHARDILA                  NETL837           082-330123189413Abaz            00000000
1112-879457941610 130000005000RINDA KHARDILA                  NETL837           082-330123189413Abaz            00000000
1082-799138215864 130000003125WENDY PATTISON                  NETL993           082-330123189413Abaz            00000000
1014-253180522892 130000012220MICHAEL A TESTER                NETL1686          082-330123189413Abaz            00000000
1923-100 30636675 130000024400MEHREENA NAEEM                  NETL1702          082-330123189413Abaz            00000000
1082-330123189413 500000081895Abaz                                              082-330123189413Abaz            00000000
7999-999            000000000000000818950000081895                        000009                                        
